1621 2550
431 107 580 140 BELLI
604 106 810 140 TROIANI
835 107 926 142 LIB.
953 107 1000 141 11.
1303 109 1358 150 43

78 207 186 249 riam
206 206 440 249 festinaret.
485 205 658 247 interim
674 205 888 247 vulnerati
909 206 1096 261 graviter
1117 221 1166 248 ex
1183 208 1358 250 ducibus

77 262 192 305 bello
222 261 420 304 decedere
457 261 592 303 coacti
630 264 732 302 sunt
761 261 1038 303 barbarorum
1067 263 1235 304 Aeneas
1265 262 1358 305 Sar-

78 318 220 371 pedon
257 317 442 360 Glaucus
476 316 666 358 Helenus
703 316 962 371 Euphorbus
989 317 1253 372 Polydamas,
1285 333 1359 360 110-

76 376 261 416 strorum
291 372 440 415 Ulixes
470 372 684 414 Meriones
721 372 937 415 Eumelus.

186 428 385 471 XXXIX.
443 427 641 471 Ceterum
679 428 897 470 Menelaus
942 428 1052 471 forte
1091 431 1358 484 conspicatus

75 484 366 527 Alexandrum
387 498 543 540 magno
574 485 737 539 impetu
767 485 917 526 inruit:
978 499 1075 526 uem
1096 486 1258 527 evitans
1287 501 1358 527 ne-

75 555 158 596 que
188 541 346 583 diutius
376 542 584 582 sustinere
623 555 749 582 ausus
779 500 1021 582 Alexander
1055 541 1202 596 fugam
1232 543 1357 595 capit.

75 600 122 639 at
148 597 224 639 ubi
253 597 402 652 procul
441 596 741 638 animadvertit
778 596 939 639 Hector
975 611 1231 639 concurrens
1263 611 1358 639 cum

75 652 303 708 Deiphobo
332 652 676 707 conprehendere
706 653 901 694 frat-rem:
933 667 1030 694 eum
1060 653 1199 694 verbis
1230 653 1358 695 male-

75 708 283 772 dictisque
320 709 553 750 acrioribus
592 709 773 749 insecuti
804 708 856 749 ad
891 712 1154 762 postremum
1185 712 1358 764 cogunt,
1378 723 1409 747 10

74 764 139 806 uti
181 777 433 818 progressus
469 764 515 805 in
552 764 711 806 medias
748 764 858 805 acies
898 764 1077 806 eundem
1117 743 1359 806 Menelaum

73 820 471 875 conquiescentibus
507 820 682 874 reliquis
727 820 919 862 solitario
965 821 1195 862 certamine
1232 821 1359 862 laces-

75 879 198 918 seret.
257 877 391 931 igitur
419 875 592 918 reducto
623 876 676 918 ad
706 876 950 917 bellandum
985 876 1229 918 Alexandro
1260 891 1358 930 pro-

73 945 306 988 gressoque
353 935 452 974 ante
498 936 649 985 aciem,
696 932 810 986 quod
847 933 1013 987 5131111111
1055 933 1357 974 lacessentibus

73 988 307 1042 videbatur,
337 992 563 1043 postquam
603 989 752 1043 procul
788 988 1088 1030 animadvertit
1126 988 1357 1041 Menelaus,
1378 1001 1409 1026 15

72 1058 189 1086 1111110
228 1022 397 1086 demum
435 1059 699 1086 occasionem
745 1044 974 1086 invadendi
1018 1045 1358 1086 inimicissimum

73 1100 156 1142 sibi
183 1101 362 1142 maxime
391 1101 577 1142 oblatam
607 1104 723 1142 ratus
761 1104 803 1142 et
837 1101 919 1142 iam
952 1101 1120 1155 iamque
1141 1100 1358 1142 confidens

74 1156 267 1198 omnium
296 1157 549 1198 iniuriarum
576 1171 736 1211 poenas
767 1156 829 1198 lui
850 1171 1058 1212 53113111110
1089 1158 1190 1210 01115,
1224 1158 1358 1198 omni·

73 1212 153 1254 bus
183 1212 336 1254 ammis
366 1211 593 1255 advorsum
621 1213 775 1268 pergit.
826 1213 898 1254 sed
929 1213 1001 1254 ubi
1033 1227 1104 1254 eos
1136 1216 1284 1254 contra
1314 1227 1358 1254 se

77 1267 253 1310 tendere
289 1272 460 1323 paratos
497 1269 625 1310 armis
662 1272 788 1323 atque
836 1269 988 1310 animis
1027 1272 1204 1323 uterque
1242 1283 1356 1310 exer·
1377 1281 1408 1307 20

77 1324 186 1366 citus
215 1324 537 1379 animadvertit,
569 1325 693 1381 signo
725 1325 823 1366 dato
855 1325 1058 1366 recedunt
1088 1327 1243 1367 cuncti.

186 1379 276 1422 XL.
335 1380 509 1435 Iamque
554 1384 731 1435 uterque
776 1381 903 1435 pleno
953 1380 1086 1436 gradu
1132 1381 1357 1423 advorsum

73 1436 225 1478 cedens
264 1436 378 1478 intra
415 1437 572 1478 iactum
611 1437 686 1479 teli
715 1440 1016 1491 pervenerant,
1048 1451 1145 1478 cum
1175 1437 1358 1478 Alexan-

73 1491 148 1534 der
175 1493 423 1547 praevenire
455 1494 628 1548 cupiens
660 1493 869 1547 simulque
906 1496 1023 1534 ratus
1061 1494 1199 1556 primo
1231 1493 1357 1535 iaculi

74 1552 230 1604 eventu
259 1548 401 1590 locum
428 1549 595 1591 vulneri
633 1550 905 1590 inventurum
935 1549 1171 1604 praemittit
1192 1549 1357 1590 hastam
1377 1561 1408 1586 25

73 1601 207 1659 eaque
244 1604 371 1646 inlisa
407 1605 542 1660 clipeo
582 1605 707 1647 facile
748 1605 921 1647 decussa
951 1608 1026 1647 est.
1087 1605 1185 1646 dein
1215 1605 1358 1646 Mene-

73 1660 165 1702 laus
202 1675 360 1716 11133110
397 1662 560 1716 impetu
599 1661 827 1714 iaculatur,
865 1661 979 1702 haud
1019 1675 1118 1703 sane
1165 1660 1358 1702 dissimili

73 1730 193 1758 casu:
230 1731 413 1772 namque
450 1721 599 1772 parato
645 1718 730 1758 iam
774 1695 827 1758 ad
872 1717 1105 1759 cavendum
1143 1717 1357 1771 ictumque

73 1771 312 1814 declinante
348 1773 471 1815 hoste
509 1773 643 1815 telum
679 1774 826 1828 figitm
855 1772 987 1815 humi.
1049 1777 1091 1815 at
1130 1774 1203 1815 ubi
1234 1774 1357 1815 novis

73 1828 244 1870 iaculis
260 1843 411 1871 manus
447 1830 668 1884 utriusque
707 1830 969 1872 redarmatae
1008 1833 1119 1883 sunt,
1158 1833 1356 1885 pergunt.
1377 1841 1409 1866 3)

65 1886 165 1926 tum
214 1884 384 1927 demum
427 1885 670 1928 Alexander
718 1886 826 1928 ictus
870 1886 1009 1928 femur
1054 1886 1166 1927 cadit
1211 1900 1257 1927 ac
1304 1900 1358 1927 ne

73 1955 173 1982 mox
209 1940 324 1983 hosti
362 1942 570 1984 ultionem
609 1956 703 1984 cum
742 1956 905 1984 summa
935 1943 1072 1998 gloria
1110 1941 1359 1984 concederet

72 1996 257 2051 pessimo
286 1998 479 2053 exemplo
511 1999 787 2040 intercessum
825 2002 899 2040 est.
959 2013 1143 2053 namque
1179 2012 1274 2040 cum
1306 1997 1362 2040 ad

74 2053 415 2095 interficiendum
454 2069 550 2096 eum
589 2054 738 2096 educto
777 2054 918 2110 gladio
956 2057 1178 2109 prorueret
1215 2054 1357 2096 Mene-

72 2108 186 2163 laus,
217 2124 268 2151 ex
299 2110 463 2153 occulto
502 2111 659 2166 sagitta
688 2110 873 2152 Pandari
911 2111 1157 2153 vulneratus
1188 2111 1233 2152 in
1265 2111 1356 2165 ipse
1376 2122 1408 2148 ³5

164 2236 185 2268 3
211 2235 385 2268 euforbus
411 2236 473 2269 GB
494 2235 499 2277 Ι
520 2235 724 2288 polidamas
751 2235 812 2269 GB
905 2239 924 2269 9
951 2236 1097 2269 deifobo
1126 2236 1152 2269 G
1235 2238 1275 2269 13
1303 2246 1357 2268 se-

73 2277 184 2312 ducto
211 2281 239 2313 G
332 2282 372 2313 17
397 2281 514 2314 iratus
542 2281 622 2314 GB¹
655 2282 659 2322 Ι
688 2282 831 2323 iamque
864 2287 957 2314 recte
982 2282 1099 2314 abesse
1123 2282 1234 2313 maluit
1262 2281 1356 2313 Mer-

71 2334 172 2357 cerue
261 2327 305 2358 20
330 2326 460 2359 animis
484 2337 545 2359 om.
575 2326 637 2359 GB
662 2326 785 2359 habent
815 2328 839 2357 l
838 2327 879 2359 P
970 2328 1013 2359 23
1039 2327 1171 2359 iectum
1203 2326 1240 2361 G.
