1621 2550
236 93 317 134 110
638 94 814 127 DICTYs
841 94 1109 128 ORETENSIS

233 197 362 236 venta
391 194 613 235 interierit.
673 193 777 234 haec
817 193 867 235 de
898 193 1128 236 Memnone
1166 195 1340 250 eiusque
1370 210 1518 238 sorore

233 253 452 304 comperta
480 250 587 291 mihi
621 263 696 303 per
725 248 1070 304 Neoptolemum.

344 306 418 347 XI.
477 306 583 347 Post
620 320 727 359 quae
770 305 987 360 profectus
1034 305 1203 348 Cretam
1257 321 1370 349 anno
1417 311 1516 362 post

231 362 407 404 nomine
436 350 608 415 publico
639 375 735 402 cum
756 361 920 403 duobus
950 362 1044 404 aliis
1064 363 1117 403 ad
1142 363 1361 404 oraculum
1380 364 1514 418 Apol-

199 430 216 455 5
233 418 334 459 linis
364 417 597 459 remedium
626 418 809 471 petitum
839 418 978 460 venio.
1037 433 1221 472 namque
1251 419 1371 460 nulla
1400 422 1517 461 certa

233 489 359 516 causa
390 489 440 515 ex
470 474 690 528 inproviso
712 476 832 514 tanta
852 474 915 515 vis
937 474 1197 515 lucustarum
1218 475 1402 516 insulam
1423 489 1516 517 eam

232 531 458 583 invaserat,
490 530 552 571 uti
583 532 736 570 cuncta
764 529 992 584 fructuum,
1025 544 1131 584 quae
1162 530 1208 571 in
1238 531 1352 585 agris
1382 535 1517 585 erant,

233 588 618 640 corrumperentur.
689 585 831 639 itaque
869 586 1014 627 multis
1044 586 1240 640 precibus
1277 587 1517 641 suppliciis-

235 657 316 697 que
347 656 552 696 responso
584 641 734 695 editur,
767 641 913 682 divina
943 657 1022 696 ope
1057 642 1260 683 animalia
1288 643 1516 684 interitura

183 714 215 739 10
234 699 502 752 insulamque
539 701 744 752 provectu
788 697 961 752 frugum
1006 698 1124 740 brevi
1171 698 1515 740 redundaturam.

232 755 331 796 dein
360 755 563 808 navigare
601 754 819 808 cupientes
856 755 908 795 ab
939 754 1028 807 his,
1068 755 1140 809 qui
1179 754 1291 808 apud
1322 754 1516 809 Delphos

233 813 372 874 erant,
410 810 706 865 prohibemur.
751 788 1031 864 inportununi
1074 825 1256 864 namque
1295 814 1337 852 et
1374 811 1514 874 perni-

232 867 395 908 ciosum
424 869 591 920 tempus
623 880 723 907 6886.
775 866 1033 920 Lycophron
1065 869 1106 908 et
1128 867 1292 919 Ixaeus,
1325 867 1399 921 qui
1429 881 1516 908 una

232 923 284 964 ad
316 923 533 964 oraculum
564 924 788 975 venerant,
829 923 1093 976 contemptui
1131 922 1336 963 habentes
1376 937 1518 964 escen·

181 993 212 1018 15
233 979 340 1019 dunt
368 993 521 1019 navem
566 978 790 1031 medioque
829 977 916 1019 fere
956 978 1093 1032 spatio
1131 978 1311 1019 fulmine
1349 979 1424 1020 icti
1454 979 1517 1020 in-

232 1038 414 1076 tereunt.
454 1034 639 1087 interim,
660 1034 723 1075 uti
738 1033 1003 1088 praedictum
1021 1034 1225 1075 divinitus
1247 1037 1349 1088 erat,
1368 1035 1516 1076 eodem

232 1091 319 1133 ictu
349 1091 578 1132 fulminum
609 1090 753 1131 sedata
783 1090 847 1131 vis
884 1091 986 1131 mali
1026 1091 1307 1145 immersaque
1337 1092 1445 1132 mari
1476 1094 1519 1132 et

234 1148 354 1202 regio
386 1148 523 1188 omnis
553 1146 715 1200 repleta
744 1146 952 1201 frugibus.

346 1203 441 1245 XII.
492 1203 578 1244 Per
605 1203 718 1244 idem
746 1205 914 1257 tempus
935 1202 1244 1256 Neoptolemus
1266 1203 1517 1244 confirmato

181 1274 213 1299 20
231 1260 315 1301 iam
355 1275 450 1301 cum
489 1259 723 1300 Hermiona
758 1259 1032 1300 matrimonio
1070 1258 1263 1312 Delphos
1303 1259 1355 1300 ad
1385 1259 1519 1313 Apol-

231 1317 363 1358 linem
394 1315 674 1371 gratulatum,
715 1315 829 1369 quod
866 1315 912 1356 in
943 1318 1160 1356 auctorem
1195 1317 1397 1368 paternae
1429 1328 1519 1356 cae-

233 1373 295 1413 dis
317 1372 608 1413 Alexandrum
630 1371 891 1412 vindicatum
917 1374 1037 1424 esset,
1066 1371 1351 1425 proficiscitur
1370 1371 1523 1413 relicta

231 1429 278 1470 in
309 1428 434 1470 domo
465 1427 767 1469 Andromacha
797 1427 971 1482 eiusque
1001 1427 1089 1469 filio
1111 1426 1410 1481 Laodamante,
1443 1428 1517 1481 qui

231 1485 407 1540 reliquis
438 1485 522 1525 iam
552 1484 739 1525 filiorum
761 1483 958 1525 Hectoris
988 1483 1267 1538 superfuerat.
1308 1483 1392 1525 sed
1411 1483 1518 1524 Her-

181 1553 213 1580 25
231 1542 377 1583 miona
406 1544 505 1595 post
525 1541 767 1582 abscessum
797 1540 878 1581 viri
899 1540 1012 1582 victa
1040 1540 1184 1581 dolore
1216 1540 1349 1581 animi
1378 1554 1518 1594 neque

231 1598 461 1652 pelicatum
505 1597 699 1651 captivae
737 1597 903 1651 patiens
949 1599 1170 1651 parentem
1210 1611 1333 1638 suum
1370 1595 1514 1637 Mene-

231 1654 347 1695 laum
385 1654 566 1695 accitum
613 1653 764 1694 mittit:
813 1653 880 1694 cui
928 1653 1063 1694 multa
1109 1655 1340 1707 conquesta
1388 1666 1516 1706 super

231 1710 389 1752 iniuria
422 1709 636 1764 praelatae
667 1709 747 1750 sibi
786 1724 810 1750 a
845 1710 936 1750 viro
975 1709 1166 1763 captivae
1196 1708 1386 1749 mulieris
1425 1722 1518 1762 per-

232 1766 399 1820 suadet,
432 1766 495 1807 uti
525 1765 660 1806 filium
691 1765 888 1806 Hectoris
927 1768 1060 1806 necet.
1130 1768 1316 1806 ceterum
1347 1764 1515 1805 Andro-

181 1834 214 1860 3ο
232 1822 384 1864 11136113
431 1837 476 1863 re
528 1822 702 1876 cognita
756 1821 920 1862 instans
976 1821 1210 1875 periculum
1260 1820 1519 1875 subterfugit

233 1879 391 1921 auxilio
429 1878 702 1933 popularium
740 1877 936 1919 liberata:
985 1878 1058 1931 qui
1097 1878 1285 1918 miserati
1322 1876 1518 1918 fortunas

234 1936 323 1977 eius
353 1935 466 1977 ultro
488 1934 731 1976 Menelaum
762 1933 1032 1976 contumeliis
1054 1933 1268 1988 prosecuti
1290 1933 1361 1974 vix
1382 1947 1407 1975 a
1426 1947 1519 1988 per-

232 1992 343 2033 nicie
375 1991 456 2034 viri
487 1991 642 2032 retenti
674 1993 784 2031 sunt.

324 2187 344 2217 9
370 2195 581 2227 responsum
618 2185 646 2215 P
754 2186 794 2216 10
827 2187 1005 2226 prouentu
1038 2185 1115 2216 edit.
1151 2183 1245 2215 Crat.
1268 2191 1273 2223 Ι
1300 2180 1519 2213 redundatu-

233 2241 310 2263 rum
339 2231 366 2263 G
450 2232 492 2262 ‘23
518 2229 755 2261 laodamanta
780 2229 869 2269 libri,
902 2229 1152 2261 Laodamante
1185 2229 1278 2261 editt.
1311 2232 1391 2261 μου.
1477 2227 1520 2257 26

235 2275 385 2317 capiens
413 2275 440 2307 G
488 2276 639 2317 cupiens
665 2274 697 2304 B
738 2274 882 2316 patiens
904 2274 932 2305 P
1023 2276 1065 2307 30
1090 2274 1264 2305 instantis
1288 2271 1343 2312 ΡΙ
1365 2270 1519 2313 periculi

234 2321 306 2352 uim
331 2321 424 2361 libri,
449 2321 576 2362 scripsi
597 2319 812 2362 periculum.
