1621 2550
209 432 226 457 5

195 710 228 735 10

197 987 229 1012 15

198 1268 233 1293 20
250 1270 343 1297 cam
365 1258 587 1310 expectare
615 1255 830 1308 aruspices
851 1254 1158 1308 praecinerent,
1180 1252 1531 1294 internecandum

200 1827 233 1852 30

244 934 429 974 namque
475 919 694 960 Hecubam
748 918 867 960 foetu
916 932 965 959 eo
1004 917 1223 973 gravidam
1271 917 1409 958 facem
1454 930 1530 970 per

216 1547 231 1571 5
249 1536 394 1576 ficeret
431 1535 521 1589 pati
550 1535 759 1588 potuisse:
790 1535 934 1575 tantae
966 1533 1126 1574 scilicet
1155 1532 1285 1573 fuisse
1317 1545 1414 1573 eum
1442 1531 1534 1585 pul-

241 95 296 137 68
646 93 823 128 DICTYS
849 93 1118 128 CRETENSIS

241 195 365 251 igat‘?
406 208 486 250 ego
526 193 696 248 quidem
733 193 883 235 aetatis
919 195 1018 234 tuae
1056 192 1416 247 contemplatione
1463 195 1523 234 at-

243 265 324 306 que
345 251 499 292 horum
527 263 700 303 precum
721 249 897 290 cadaver
916 249 1138 290 restituam
1157 262 1296 303 neque
1321 262 1524 302 umquam

244 307 528 359 committam,
575 308 624 346 ut
669 305 782 359 quod
828 305 873 345 in
919 305 1114 346 hostibus
1151 303 1525 358 comprehenditur

245 363 405 404 crimen
436 361 623 403 malitiae
654 361 745 415 ipse
776 361 989 403 subeam“.

357 417 516 459 XXVI.
575 417 644 458 Ad
683 431 732 457 ea
766 416 962 457 Priamus
1008 420 1212 457 renovato
1252 416 1354 456 fietu
1398 429 1525 469 quam

244 474 476 515 miserabili
514 487 604 514 non
648 473 739 513 sine
785 472 953 513 decreto
992 471 1136 512 divum
1173 471 1349 512 adversa
1389 470 1526 512 homi·
1588 470 1591 471 ⁷

245 530 371 571 nibus
408 530 568 570 irruere
613 529 693 569 ait:
739 527 863 568 deum
902 527 1058 581 quippe
1096 529 1311 568 auctorem
1347 526 1526 581 singulis

244 585 496 627 mortalibus
532 584 636 625 boni
666 583 852 637 malique
883 597 973 624 esse
1008 596 1146 636 neque
1177 582 1318 637 quoad
1354 583 1527 623 beatum

246 656 335 682 esse
365 641 530 682 licitum
561 641 634 693 sit,
667 639 917 693 cuiusquam
947 639 993 680 in
1023 653 1119 680 eum
1148 639 1235 679 vim
1265 638 1528 679 inimicitias-

247 711 328 751 que
358 695 599 750 procedere.
659 698 845 737 eeterum
876 709 920 736 se
957 694 1112 735 diversi
1142 697 1290 748 partus
1321 694 1528 748 quinqua-

246 753 366 806 ginta
402 753 588 794 filiorum
626 754 791 806 patrem
835 751 1126 792 beatissimum
1156 763 1305 805 regum
1336 750 1527 791 omnium

245 809 441 850 habitum
494 807 546 849 ad
591 810 853 862 postremum
890 806 1125 848 Alexandri
1171 806 1357 847 natalem
1403 805 1527 858 diem,

246 879 373 918 quem
404 864 554 905 evitari
584 878 635 904 ne
666 863 729 904 dis
760 862 930 917 quidem
951 862 1295 916 praecinentibus
1325 861 1526 915 potuisse.

247 976 435 1030 quietem
465 975 642 1017 edidisse
672 975 819 1028 visam,
851 974 970 1015 cuius
1000 974 1171 1029 ignibus
1202 973 1530 1028 conflagravisse

246 1032 367 1073 Idam
404 1045 452 1072 ac
492 1045 591 1072 mox
629 1031 907 1072 continuante
938 1030 1108 1071 flamma.
1145 1029 1321 1070 deorum
1355 1028 1530 1070 delubra

248 1087 510 1129 concremari
539 1101 792 1141 omnemque
814 1088 983 1127 demum
1013 1086 1064 1127 ad
1094 1085 1256 1126 cineres
1285 1085 1531 1138 conlapsam

248 1144 465 1185 civitatem
485 1143 657 1184 intactis
678 1142 979 1196 inviolatisque
1000 1142 1232 1183 Antenoris
1254 1144 1296 1182 et
1316 1140 1530 1181 Anchisae

249 1199 457 1241 domibus.
518 1213 625 1253 quae
656 1199 905 1240 denuntiata
935 1212 1031 1239 cum
1062 1198 1114 1238 ad
1134 1197 1365 1251 perniciem
1395 1196 1532 1250 publi-

250 1311 411 1353 editum
448 1313 618 1365 partum
663 1310 882 1364 placuisse.
951 1310 1024 1350 sed
1061 1309 1281 1350 Hecubam
1318 1321 1436 1349 more
1473 1307 1533 1348 fe-

248 1368 390 1409 mineo
432 1367 718 1408 miserationis
765 1366 875 1406 clam
914 1364 1113 1406 alendum
1151 1364 1394 1418 pastoribus
1433 1363 1532 1405 Idae

248 1423 490 1464 tra-didisse:
523 1437 619 1464 eum
650 1422 735 1462 iam
767 1421 976 1475 adultum,
1017 1435 1112 1462 cum
1142 1435 1208 1461 res
1238 1420 1379 1474 palam
1411 1422 1531 1472 esset,

249 1494 303 1520 ne
340 1479 509 1520 hostem
549 1478 720 1532 quidem
758 1478 951 1532 quamvis
990 1477 1280 1518 saevissimum
1328 1479 1375 1517 ut
1405 1476 1533 1516 inter·

250 1591 503 1632 chritudinis
548 1593 675 1645 atque
720 1590 894 1631 formae.
963 1603 1089 1643 quem
1136 1588 1337 1643 coniugio
1384 1587 1533 1628 deinde

251 1647 453 1688 Oenonae
484 1647 677 1688 iunctum
700 1646 940 1700 cupidinem
962 1646 1120 1699 cepisse
1142 1644 1306 1685 visendi
1337 1643 1533 1698 regiones

250 1706 377 1757 atque
415 1717 548 1758 regna
599 1702 749 1756 procul
794 1702 945 1755 posita.
1021 1715 1069 1742 eo
1116 1700 1268 1741 itinere
1307 1699 1532 1740 abductam

250 1759 458 1800 Helenam
490 1760 698 1813 urguente
730 1761 856 1811 atque
888 1757 1120 1812 instigante
1143 1756 1326 1810 quodam
1356 1755 1531 1796 numine

252 1818 502 1857 cunctorum
533 1814 880 1866 civium'animis,
912 1813 993 1854 sibi
1024 1812 1151 1853 etiam
1182 1812 1368 1853 laetitiae
1390 1811 1532 1865 fuisse,

345 1931 387 1962 18
413 1929 538 1961 Tzetz.
564 1928 756 1960 Anteliom.
786 1928 859 1959 162.
887 1928 962 1960 163.

344 2032 363 2061 2
389 2030 515 2061 harum
548 2031 629 2061 edil.
663 2031 773 2069 princ.
881 2029 901 2060 8
934 2027 1027 2069 quod
1062 2027 1123 2059 ΘΒ
1178 2027 1295 2068 quoad
1327 2027 1422 2058 editt.
1458 2030 1534 2059 vett.

253 2075 312 2106 cui
344 2076 395 2108 ed.
432 2074 508 2106 Obr.
605 2075 644 2104 12
678 2073 723 2104 ad
749 2074 828 2105 add.
863 2074 895 2105 P
986 2074 1025 2104 17
1053 2072 1194 2103 domum
1222 2071 1284 2104 GE·
1339 2070 1482 2102 demum
1508 2070 1538 2101 P

255 2121 296 2151 19
328 2119 580 2151 denuntiatum
609 2119 671 2150 GB
726 2117 943 2149 denunciata
970 2119 1002 2149 P
1105 2118 1148 2148 ‘20
1183 2119 1316 2156 υιιΙῃαία
1352 2117 1449 2146 lectio
1485 2120 1536 2146 est

253 2168 422 2206 spectare
526 2165 567 2195 ‘21
602 2164 782 2195 femineae
816 2164 846 2194 P
942 2164 984 2193 ‘22
1017 2163 1053 2193 in
1091 2161 1126 2192 id
1162 2161 1293 2193 dextra
1332 2160 1475 2191 dedisse
1509 2160 1536 2191 G

253 2211 287 2240 ²⁶71
311 2211 459 2249 mar-,qiua
508 2209 591 2240 idae
617 2208 831 2247 tradidisse,
865 2208 901 2238 in
933 2206 966 2238 id
999 2207 1162 2238 dextram
1193 2205 1335 2237 dedisse
1369 2204 1399 2235 B
1493 2205 1535 2236 27

253 2255 386 2286 oenoni
413 2255 440 2286 G
488 2253 662 2285 Oenonae
689 2255 741 2285 ed.
774 2254 892 2286 Venel.
918 2251 1037 2293 (1499)
1123 2252 1166 2283 29
1183 2254 1396 2292 urguentem
1422 2259 1455 2281 a.
1483 2249 1535 2280 iu-

254 2300 455 2341 stigantem
484 2298 546 2331 GB
570 2302 717 2330 nostrum
745 2299 774 2329 P

1612 2091 1621 2290 ἕ

1609 2295 1621 2550 ἒ
