1621 2550
441 71 588 105 BELLI
613 71 814 105 TROIANI
840 72 929 105 LIB.
955 73 1020 106 111.
1314 75 1368 116 55

96 175 336 226 promptum
365 170 681 223 animadvertit,
720 169 845 211 simul
883 170 1107 211 subvenire
1139 171 1223 223 his,
1263 188 1368 226 quos

95 226 318 269 advorsum
355 226 560 280 bellabat,
600 226 773 280 cupiens
819 228 860 266 et-
900 240 1061 267 memor
1097 227 1223 279 paulo
1271 234 1368 269 ante

95 283 284 336 repulsae
320 282 366 323 in
396 281 613 336 Polyxena
660 283 808 323 contra
844 281 998 322 tendit:
1038 295 1368 337 progressusque

97 338 143 379 in
181 337 317 379 medio
355 337 653 391 Pylaemenem
690 336 1016 391 Paphlagonum
1054 351 1195 392 regem
1242 339 1370 392 impe-

94 392 282 435 dimento
312 393 393 434 sibi
431 394 673 447 oppositum
704 393 940 434 comminus
976 392 1118 433 fundit
1155 408 1242 434 non
1272 395 1368 435 alie·
1389 407 1404 431 5

94 463 198 490 num
241 449 458 504 sanguinis
495 448 824 490 Priamidarum:
870 447 1172 502 perhibebatur
1211 451 1366 504 quippe

94 503 165 546 hic
195 504 320 546 etiam
351 519 399 546 ex
431 505 516 557 his,
556 506 628 558 qui
658 519 682 545 a
712 504 876 546 Phineo
910 504 1121 559 Agenoris
1160 505 1366 559 originem

96 560 311 614 propriam
348 561 551 602 memoria
586 560 854 614 repetebant:
893 575 917 601 a
948 575 1031 614 quo
1073 559 1199 601 etiam
1231 560 1368 602 Olizo-

94 629 180 657 nen
209 616 410 671 genitam,
441 619 667 669 postquam
695 615 928 656 adoleverit
957 615 1179 656 deductam
1211 617 1255 657 in
1286 630 1370 657 ma-

93 671 342 712 trimonium
372 671 572 712 Dardani.
1392 684 1420 707 ω

207 726 279 768 VI.
331 725 527 768 Ceterum
564 726 724 768 Hector
767 730 991 780 postquam
1032 726 1084 767 ad
1121 741 1164 767 se
1203 728 1370 782 agmine

93 781 251 824 infesto
281 782 399 823 tendi
429 783 554 834 videt,
586 796 732 823 causas
757 782 842 823 odii
874 781 1117 823 recordatus
1148 797 1235 824 non
1267 783 1372 824 ult-e-

93 838 180 879 rius
227 838 431 892 impetum
471 838 552 879 viri
589 838 769 892 experiri
807 852 934 879 ausus
990 852 1039 878 cx
1079 839 1166 879 acie
1212 839 1373 879 subter-

94 893 216 948 fugit.
283 897 457 948 tumque
495 893 684 935 Achilles
729 895 943 935 insecutus
999 897 1206 947 quantum
1262 895 1371 935 acies

93 948 281 991 hostium
301 949 552 1003 patiebatur,
584 949 636 990 ad
657 953 917 1006 postremum
947 949 1153 991 iaculatus
1175 950 1367 1004 aurigam
1390 962 1419 986 17»

93 1005 183 1046 eius
221 1005 454 1058 interfecit,
494 1008 719 1059 postquam
749 1005 910 1047 Hector
947 1020 1021 1059 per
1051 1005 1176 1046 aliam
1207 1009 1372 1059 partem

94 1060 240 1102 relicto
271 1075 396 1102 curru
427 1061 661 1116 aufugerat.
723 1061 820 1102 dein
851 1065 1044 1115 ereptum
1076 1061 1155 1102 sibi
1187 1075 1208 1102 e
1239 1062 1371 1102 mani-

93 1115 171 1157 bus
201 1116 538 1158 inimicissimum
567 1118 757 1158 omnium
788 1117 936 1158 dolens
973 1131 1116 1158 rursus
1150 1117 1372 1158 vehemen-

93 1171 178 1213 tius
217 1173 378 1213 saevire
415 1175 687 1227 extractoque
727 1187 776 1214 ex
817 1187 992 1227 corpore
1030 1173 1201 1227 aurigae
1233 1172 1370 1213 iaculo

93 1227 270 1269 fundere
309 1228 457 1270 obvios
497 1242 544 1270 ac-
582 1233 816 1282 prostratos
861 1243 956 1270 cum
994 1229 1100 1270 alios
1138 1227 1368 1270 invaderet.
1390 1241 1421 1264 20

94 1287 196 1325 alios
232 1283 411 1338 desuper
440 1284 691 1338 proculcans
722 1287 945 1338 optereret.
1006 1285 1118 1325 inter
1149 1299 1255 1337 quae
1286 1288 1373 1325 tani

93 1339 259 1392 trepida
297 1340 460 1381 cunctis
500 1339 764 1395 fugientibus
804 1339 995 1381 Helenus
1040 1340 1277 1393 quaesitum
1323 1354 1372 1380 ex

94 1394 260 1436 occult.)
282 1395 449 1436 vulneri
479 1395 619 1437 locum
651 1396 723 1437 ubi
748 1398 898 1437 nactus
929 1399 1004 1448 est,
1035 1410 1208 1436 manum
1231 1395 1372 1436 Achil-

97 1450 149 1491 lis
170 1451 316 1503 procul
337 1455 463 1504 atque
494 1451 736 1506 inprovisus
758 1452 914 1507 sagitta
943 1452 1169 1506 transfigit.
1230 1451 1288 1492 ita
1310 1451 1374 1491 vir

95 1520 118 1547 e
151 1506 292 1561 regius
322 1506 522 1560 bellandi,
553 1508 671 1548 cuius
701 1507 884 1549 adventu
914 1508 1086 1548 territus
1116 1507 1372 1562 fugatusque
1393 1518 1424 1543 ἑὸ

143 1564 280 1615 ector,
310 1562 434 1604 multi
465 1563 666 1604 mortales
695 1577 790 1604 cum
823 1563 997 1604 ducibus
1035 1563 1234 1615 extincti,
1265 1563 1373 1603 clam

98 1620 225 1671 atque
239 1632 290 1658 ex
307 1619 472 1659 occulto
490 1619 735 1660 vulneratus
752 1633 801 1660 eo
819 1619 885 1660 die
900 1620 1030 1660 finem
1050 1618 1236 1659 bellandi
1258 1618 1371 1659 fecit.

207 1672 302 1714 VH.
362 1673 540 1715 Interim
578 1676 876 1729 Agamemnon
921 1678 964 1715 et
1001 1688 1095 1715 cum
1134 1688 1183 1714 eo
1223 1674 1372 1714 Aiaces·

94 1728 178 1770 duo
224 1729 336 1770 inter
373 1732 554 1771 ceteram
593 1733 777 1785 stragem
808 1730 1056 1784 ignotorum
1093 1730 1207 1770 nacti
1245 1729 1373 1783 pluri-

93 1799 187 1826 mos
224 1784 383 1826 Priami
420 1785 606 1827 filiorum
651 1786 932 1838 interficiunt,
978 1789 1105 1840 atque
1148 1786 1372 1840 Agamem·
1392 1795 1424 1819 δυ

94 1854 183 1882 non
219 1842 426 1882 Arsacum
465 1855 560 1883 cum
598 1841 796 1896 Deiopite
834 1841 1173 1883 Archemachum
1213 1840 1374 1881 Laudo-

95 1909 192 1937 cum
241 1900 284 1938 et
332 1897 625 1951 Philenorem‚
683 1898 793 1939 Aiax
844 1897 953 1939 Oilei
1013 1900 1055 1939 et
1103 1896 1374 1938 Telamonius

184 2011 226 2041 22
251 2009 404 2042 Ptolem.
432 2010 480 2042 VI
508 2021 539 2052 p.
565 2013 619 2050 35,
647 2013 677 2042 2.

186 2100 226 2130 12
252 2098 355 2130 tendi
381 2102 416 2131 et
441 2109 570 2131 causas
599 2100 661 2131 ΘΒ
685 2110 776 2132 cor-r.
807 2101 835 2131 Ρ
917 2101 960 2132 ⁶20
986 2100 1114 2132 obuios
1147 2110 1189 2130 ac
1218 2109 1268 2140 pr.
1294 2108 1370 2129 cum

95 2152 128 2174 a.
159 2143 233 2174 inu.
270 2153 313 2175 ac
344 2143 419 2176 des.
451 2155 502 2185 pr.
537 2144 598 2176 ΟΒ
653 2155 733 2176 cum
766 2155 816 2187 pr.
850 2155 880 2175 a.
914 2145 986 2178 inu.
1015 2144 1172 2184 desuper
1203 2154 1244 2174 ac
1276 2153 1372 2184 proc.

96 2187 282 2220 obtereret
314 2189 363 2227 A,
402 2187 495 2221 alios
527 2200 543 2221 e
575 2190 770 2222 coniectura
799 2191 994 2231 scripsimus
1098 2191 1137 2220 ‘21
1173 2191 1315 2229 opteret
1348 2188 1375 2217 t}

99 2231 311 2273 {oppeteret
330 2232 363 2264 B
410 2232 592 2266 obtereret
614 2244 637 2276 9
729 2235 770 2266 31
796 2244 875 2265 cum
904 2245 964 2266 om.
989 2234 1017 2266 G
1044 2233 1049 2274 l
1078 2233 1285 2274 deiopitheo
1314 2231 1375 2263 GB

98 2279 245 2308 nostrum
271 2276 449 2310 Mereerus
540 2280 582 2312 32
609 2282 646 2310 et
670 2283 746 2320 pose
773 2278 867 2312 Oilei
892 2289 952 2311 om.
982 2278 1056 2312 GB.
