1621 2550
178 89 233 131 48
589 89 762 121 DICTYS
789 89 1055 122 CRETENSIS

178 191 350 231 ruentes
394 202 511 230 arma
547 202 678 242 equos
722 187 861 242 regias
899 202 1000 241 opes
1038 190 1080 229 et
1116 188 1169 229 ad
1197 192 1460 243 postremum

179 245 365 299 quidque
395 244 484 286 fors
516 244 687 285 dederat
715 244 992 297 praeripiunt.

291 300 468 342 XLVII.
517 299 612 341 Hoc
650 300 776 341 modo
815 300 996 341 victores
1035 300 1138 341 Grai
1176 300 1325 342 deletis
1365 315 1461 342 cum

179 357 434 410 imperatore
471 355 706 397 Thracibus
747 356 889 397 onusti
926 355 1081 410 praeda
1119 359 1245 410 atque
1282 357 1461 398 victoria

144 427 162 453 5
180 412 232 453 ad
262 426 391 453 naves
420 412 734 467 digrediuntur:
766 426 863 453 cum
892 412 1064 453 interim
1086 411 1260 454 Troiani
1291 426 1342 454 ex
1371 427 1462 454 mu-

179 468 238 509 ris
267 471 552 523 respectantes
582 468 842 521 nequiquam
871 481 949 521 pro
980 467 1106 509 sociis
1143 469 1256 509 intra
1292 469 1463 510 moenia

179 526 324 566 tamen
354 525 629 578 trepidarent.
690 523 822 578 igitur
850 523 1021 564 barbari
1057 526 1124 564 tot
1160 523 1245 565 iam
1276 524 1462 566 adversis

179 580 305 621 rebus
335 580 459 622 fracti
490 580 652 635 legatos
691 578 877 620 indutias
908 579 1174 633 postulantes
1203 579 1257 621 ad
1277 580 1463 622 Graecos

178 636 356 677 mittunt
394 650 442 677 ac
472 650 571 677 mox
612 635 770 677 nostris
809 635 1098 677 conditionem
1129 635 1462 690 adprobantibus

127 707 161 733 ιο
179 692 433 746 interposito
474 692 678 734 sacrificio
716 691 842 733 fidem
877 692 992 746 pacti
1021 692 1254 733 firmavere.
1315 691 1464 733 eodem

177 747 266 789 fere
307 750 500 802 tempore
539 747 742 802 Chryses,
790 762 916 811 quem
962 747 1223 789 sacerdotem
1254 747 1462 790 Zminthii

178 804 394 858 Apollinis
433 819 562 858 supia
599 804 946 857 memoravimus,
985 804 1037 844 ad
1075 804 1306 845 exercitum
1346 805 1465 845 venit

178 863 319 901 actum
357 861 515 916 gratias
553 874 682 914 super
718 859 804 913 his,
853 874 961 913 quae
1004 860 1051 900 in
1089 873 1132 901 se
1169 863 1338 914 recepta
1375 860 1464 901 filia

178 915 364 971 benigne
395 917 448 957 ab
477 917 636 957 nostris
666 919 788 971 gesta
818 918 953 968 erant,
986 915 1040 957 ob
1072 930 1179 970 quae
1209 919 1299 957 tam
1329 915 1463 957 hono-

129 984 162 1010 15
179 971 318 1025 rifica,
357 972 483 1013 simul
529 972 643 1026 quod
681 974 950 1026 Astynomen
996 971 1228 1013 liberaliter
1273 971 1464 1013 habitam

179 1031 458 1083 cognoverat,
503 1028 719 1069 reductam
770 1042 912 1069 secum
956 1028 1271 1083 Agamemnoni
1320 1028 1463 1069 tradit.

178 1098 316 1138 neque
354 1084 489 1125 multo
528 1087 626 1138 post
663 1084 903 1126 Philocteta
942 1098 1038 1125 cum
1077 1084 1162 1133 his,
1195 1085 1268 1138 qui
1298 1087 1464 1147 partem

178 1139 359 1194 praedae
390 1140 442 1181 ad
473 1154 570 1181 eum
596 1142 892 1194 portaverant,
923 1140 1087 1182 Lemno
1126 1140 1365 1199 regreditur
1402 1140 1465 1181 in-

181 1195 346 1237 validus
378 1196 506 1238 etiam
537 1200 629 1238 tum
660 1211 797 1251 neque
829 1196 932 1238 satis
962 1198 1085 1237 firmo
1116 1210 1274 1252 gressu.

127 1265 162 1290 20
292 1252 488 1294 XLVIII.
546 1252 716 1294 Interea
754 1253 981 1294 consilium
1027 1252 1200 1294 Graecis
1237 1252 1464 1307 agentibus

179 1308 291 1349 Aiax
314 1308 588 1350 Telamonius
619 1309 665 1349 in
694 1309 881 1349 medium
911 1322 1159 1363 progressus
1190 1308 1313 1350 docet
1343 1322 1465 1362 opor-

178 1367 268 1405 tere
289 1365 403 1406 mitti
433 1365 486 1405 ad
506 1364 706 1405 Achillen
736 1368 990 1418 precatores,
1022 1364 1094 1418 qui
1116 1378 1212 1405 eum
1240 1365 1467 1419 imperato-

178 1435 274 1461 rum
304 1421 444 1462 verbis
465 1423 592 1474 atque
623 1421 834 1462 exercitus
854 1423 1049 1475 peterent
1069 1421 1284 1462 remittere
1313 1421 1396 1462 iras
1418 1433 1467 1462 ac

178 1479 370 1530 repetere
392 1477 562 1518 solitam
583 1491 680 1518 cum
702 1477 788 1518 suis
809 1477 1009 1532 gratiam:
1032 1477 1207 1518 minime
1225 1477 1382 1531 quippe
1403 1490 1468 1518 as·

127 1545 161 1571 25
177 1532 444 1587 pernandum
464 1532 594 1574 talem
607 1533 758 1587 virum,
779 1547 894 1574 nunc
909 1533 977 1574 vel
992 1533 1186 1587 maxime,
1204 1547 1300 1575 cum
1321 1546 1467 1574 secun·

179 1589 242 1630 dis
263 1589 389 1631 rebus
411 1589 562 1631 Graeci
585 1591 626 1631 et
646 1590 774 1644 paulo
796 1592 894 1631 ante
915 1589 1097 1631 victores
1117 1603 1207 1631 non
1228 1590 1282 1631 ob
1309 1588 1466 1630 utilita-

178 1647 265 1686 tem
296 1645 369 1686 sed
397 1645 574 1686 honoris
602 1646 754 1687 merito
776 1646 958 1700 gratiam
989 1646 1078 1687 eius
1097 1648 1302 1699 peterent.
1354 1645 1466 1686 inter

179 1715 287 1755 quae
318 1701 534 1755 deprecari
564 1701 691 1742 etiam
722 1702 1108 1756 Agamemnonem,
1144 1701 1263 1742 daret
1293 1715 1466 1755 operam

179 1757 307 1799 simul
327 1757 677 1811 voluntatemque
699 1757 863 1812 agendo
885 1758 1061 1813 negotio
1083 1757 1323 1799 adhiberet:
1349 1771 1467 1799 nam-

127 1826 161 1852 30
179 1827 260 1868 que
289 1813 365 1855 tali
391 1816 583 1877 tempore
612 1814 657 1854 111
687 1827 911 1855 9011111111119
940 1814 992 1855 ab
1015 1814 1212 1855 omnibus
1242 1813 1464 1855 consulen-

179 1870 291 1923 dum,
323 1870 571 1924 praesertim
601 1870 750 1924 11109111
781 1871 833 1911 ab
867 1870 992 1912 domo
1023 1870 1127 1912 10913
1158 1870 1307 1911 alienis
1338 1872 1466 1924 atque

178 1903 426 1968 hostilibus:
457 1940 606 1990 neque
627 1940 670 1968 39
692 1926 816 1968 aliter
846 1926 959 1968 inter
978 1929 1066 1968 tam
1087 1926 1235 1982 gravia
1255 1925 1367 1968 bella
1389 1940 1466 1968 un-

179 1981 304 2036 dique
321 1997 466 2024 versus
487 1982 670 2024 inimicis
692 1983 939 2038 regionibus
954 1997 1080 2037 quam
1102 1981 1328 2024 concordia
1348 1985 1464 2024 tutos

178 2038 283 2080 for.e
322 2042 366 2080 at
386 2039 458 2080 ubi
477 2039 604 2080 finem
627 2039 828 2093 loquendi
850 2039 964 2092 fecit,
986 2039 1128 2081 cuncti
1148 2039 1273 2081 duces
1294 2037 1465 2080 laudare

268 2177 288 2207 ’2
314 2176 368 2207 uti
401 2174 559 2218 quidque
592 2176 623 2206 Γ
676 2176 728 2207 uti
760 2187 821 2209 om.
856 2175 918 2208 ΟΒ
1011 2177 1031 2207 4
1064 2174 1171 2208 honus
1199 2176 1226 2207 G
1319 2177 1339 2208 6
1368 2175 1466 2207 Peri-

177 2222 292 2252 zonius
324 2223 438 2253 maluit
469 2221 749 2262 despectanteS,
794 2222 878 2253 idem
911 2220 1170 2262 Oudendorpius
1191 2219 1196 2261 Ι
1218 2230 1336 2262 neque
1367 2221 1467 2262 quic-

178 2275 286 2306 quam
315 2266 342 2298 G
373 2267 422 2303 (in
454 2277 556 2307 mar-sy.
590 2265 649 2298 uel
684 2266 929 2308 nequiquam),
971 2266 1028 2298 1191
1067 2266 1313 2307 nequicquam
1346 2275 1464 2307 neque

179 2311 348 2352 cuiquam
375 2311 407 2342 B
503 2313 523 2344 8
550 2310 642 2343 facti
672 2311 709 2343 G.
