1621 2550
207 53 209 55 .
237 80 292 122 80
653 81 824 114 morrs
850 81 1117 115 CRETENsrs

237 180 376 221 vertit.
444 194 627 234 moxque
675 180 859 221 adventu
898 180 987 233 eius
1034 181 1206 236 cognito
1252 182 1299 223 in
1340 183 1521 225 eundem

236 235 379 277 locum
410 250 434 278 a
466 236 628 277 cunctis
650 235 826 277 ducibus
847 237 1134 278 concurritur:
1165 237 1308 292 hique,
1339 239 1403 280 uti
1432 239 1522 280 ani-

239 306 356 332 mum
394 305 576 345 aequum
613 291 810 345 haberet,
853 291 1144 346 deprecantur.
1205 294 1299 347 quis
1337 295 1522 350 benigne

236 347 497 401 respondens
527 361 606 388 nec
627 347 708 389 sibi
737 348 797 388 ait
833 348 1079 403 ignoratum
1110 363 1199 390 esse
1228 350 1385 404 omnia,
1415 365 1522 404 quae

205 418 221 443 5
240 402 444 444 divinitus
485 403 741 457 confierent,
779 403 882 445 forti
918 406 1089 457 pectore
1126 405 1346 459 patienda,
1384 420 1522 460 neque

239 459 438 512 cuiquam
460 473 586 513 super
615 459 751 500 fatum
772 459 944 500 vivendi
976 473 1218 501 concessam
1248 461 1405 516 legem:
1436 465 1524 503 tur-

240 528 338 568 pem
376 529 560 568 namque
600 529 648 555 ac
688 514 980 555 detestandam
1018 515 1120 555 viris
1159 515 1343 558 fortibus
1381 517 1523 559 condi—

239 570 407 611 cionem
429 573 645 623 senectae,
676 573 825 612 contra
856 570 1098 611 imbellibus
1122 572 1365 625 optabilem.
1417 576 1524 615 cete-

237 641 334 666 rum
372 626 453 667 sibi
493 640 542 667 eo
581 626 786 667 leviorem
828 626 1018 668 dolorem
1056 641 1164 680 esse,
1204 627 1318 681 quod
1353 643 1444 670 non
1482 629 1523 670 in

190 696 223 721 10
242 682 471 722 certamine
518 696 656 736 neque
695 682 739 723 in
777 683 871 723 luce
908 682 1011 723 belli
1041 682 1232 724 Achilles
1273 684 1524 726 interfectus

241 740 372 791 esset,
405 752 489 791 quo
520 738 744 779 fortiorem
780 753 834 779 ne
866 741 1033 792 optasse
1065 738 1235 792 quidem
1266 754 1524 795 quemquam

240 793 419 834 existere
459 808 575 835 nunc
613 794 681 835 vel
718 794 764 835 in
796 795 1073 848 praeteritum
1111 797 1286 849 excepto
1324 810 1410 838 uno
1450 796 1524 837 1110

240 848 436 891 Hercule.
498 850 613 891 addit
651 852 891 903 praeterea:
922 850 1059 891 solum
1090 850 1228 891 virum
1259 851 1437 906 dignum
1477 866 1525 893 ea

239 907 511 959 tempestate,
551 906 628 946 sub
667 906 785 946 cuius
815 906 1011 946 manibus
1050 906 1217 946 excindi
1253 906 1425 948 Troiam
1457 907 1524 949 de-

189 974 221 1000 15
240 964 365 1014 ceret,
386 975 524 1015 neque
542 964 686 1002 tamen
707 962 891 1002 abnuere
909 961 1022 1015 quod
1047 961 1343 1015 imperfectum
1360 978 1384 1004 a
1403 965 1525 1018 patre

238 1016 434 1057 relictum
466 1019 576 1058 esset
605 1031 628 1057 a
661 1031 703 1058 se
742 1020 869 1071 atque
908 1032 932 1058 a
962 1017 1337 1060 circumstantibus
1364 1019 1524 1073 perfici.

352 1072 469 1114 XVI.
530 1073 765 1127 Postquam
804 1073 933 1114 finem
970 1073 1174 1127 loquendi
1203 1073 1323 1128 fecit,
1355 1075 1400 1116 in
1430 1089 1526 1130 pro-

239 1128 403 1169 ximum
434 1128 545 1170 diem
576 1132 789 1170 certamen
819 1129 1156 1183 pronuntiatum.
1208 1129 1333 1172 duces
1365 1145 1525 1184 omnes,

239 1184 313 1225 ubi
354 1187 522 1239 tempus
569 1186 707 1226 visum
753 1188 837 1239 est,
883 1185 1008 1226 solito
1057 1185 1109 1226 ad
1154 1186 1524 1240 Agamemnonem

188 1255 222 1279 20
240 1243 437 1281 cenatum
475 1241 674 1295 veniunt,
721 1242 767 1282 in
805 1242 898 1295 quis
938 1241 1047 1281 Aiax
1093 1256 1188 1282 cum
1226 1241 1525 1296 Neoptolemo,

239 1295 468 1337 Diomedes
490 1296 638 1338 Ulixes
669 1300 712 1338 et
732 1297 952 1338 Menelaus
973 1296 1101 1350 hique
1133 1297 1245 1338 inter
1275 1311 1318 1338 se
1345 1298 1526 1340 eundem

240 1352 383 1393 locum
404 1353 584 1393 cenandi
607 1353 792 1407 capiunt.
843 1352 1016 1393 interim
1041 1353 1152 1393 inter
1174 1353 1320 1406 epulas
1340 1353 1526 1408 plurima

239 1408 385 1448 iuveni
414 1409 547 1462 patris
578 1409 709 1450 fortia
746 1408 939 1450 facinora
978 1422 1201 1449 numerare
1240 1409 1526 1465 virtutemque

192 1462 197 1469 ’
240 1464 330 1504 eius
363 1465 735 1506 commemorando
770 1465 917 1506 efferre
957 1464 1173 1505 laudibus:
1211 1465 1305 1519 quis
1334 1465 1525 1520 Pyrrhus

191 1531 224 1557 25
242 1534 331 1560 non
351 1520 620 1563 mediocriter
649 1521 785 1562 laetus
807 1534 1089 1574 accensusque
1110 1520 1320 1562 industria
1341 1536 1384 1563 se
1408 1523 1526 1564 omni

239 1589 365 1629 opere
412 1577 557 1618 conari
605 1577 845 1631 respondit,
908 1591 992 1631 quo
1042 1590 1095 1617 ne
1143 1576 1345 1632 indignus
1392 1579 1526 1632 patris

239 1632 401 1673 meritis
423 1633 633 1675 existeret.
685 1633 783 1674 dein
812 1633 864 1674 ad
895 1648 970 1674 sua
992 1633 1170 1687 quisque
1200 1634 1386 1675 tentoria
1409 1635 1524 1688 quie-

241 1690 332 1728 tum
374 1689 543 1730 abeunt.
605 1692 649 1730 at
686 1692 857 1743 postero
898 1689 964 1729 die
1003 1689 1129 1729 simul
1161 1703 1256 1729 cum
1287 1689 1379 1730 luce
1410 1691 1526 1731 iuve-

239 1743 307 1785 nis
355 1745 503 1786 castris
543 1758 735 1800 egressus
768 1744 944 1786 offendit
973 1744 1225 1785 Diomedem
1249 1759 1353 1786 vcum
1384 1745 1524 1788 Ulixe.

189 1812 222 1837 30
241 1813 348 1853 quos
379 1801 584 1842 salutatos
626 1801 727 1855 quid
759 1815 908 1842 causae
945 1800 1057 1841 foret
1092 1803 1366 1854 percontatur
1396 1801 1527 1856 hique

242 1856 363 1896 aiunt
392 1857 748 1911 interponendam
780 1861 947 1898 duorum
986 1856 1149 1897 dierum
1180 1871 1343 1898 moram
1381 1858 1433 1899 ad
1464 1872 1526 1899 re-

240 1912 445 1954 ficiendos
477 1913 661 1954 militum
701 1914 789 1954 eius
828 1913 1014 1964 animos,
1051 1912 1181 1967 longo
1214 1913 1366 1955 itinere
1397 1915 1525 1956 maris

241 1969 512 2022 torpentibus
553 1969 679 2010 etiam
722 1982 837 2010 nunc
875 1969 1076 2009 membris
1114 1972 1156 2010 et
1195 1969 1248 2009 ob
1288 1970 1331 2010 id
1369 1984 1526 2025 nequa-

240 2038 365 2077 quam
398 2025 500 2066 satis
531 2027 653 2066 firmo
684 2025 801 2079 nisu,
832 2028 880 2066 ut
910 2024 1045 2066 solitis
1078 2025 1238 2066 viribus
1271 2029 1458 2080 agerent.

330 2162 349 2191 5
383 2161 594 2193 conferrent
627 2161 690 2193 GR
745 2161 945 2194 confierent
980 2167 1060 2193 nell.
1101 2163 1195 2196 editt.
1303 2164 1345 2195 ‘23
1377 2172 1524 2195 enume-

240 2215 367 2237 rauere
393 2207 424 2237 P
519 2208 561 2239 ‘25
593 2207 774 2239 industria
812 2207 1000 2239 enixurum
1034 2207 1064 2237 P
1117 2207 1320 2238 <missurum
1356 2208 1384 2238 ls'
1484 2209 1526 2239 26

239 2259 308 2292 ope
335 2250 424 2291 Bl'y
473 2253 599 2283 conari
624 2263 686 2285 0771.
715 2253 741 2283 G
766 2251 865 2284 hahet
889 2252 942 2294 139
1030 2253 1069 2283 ⁵1
1097 2251 1246 2284 duorum
1275 2257 1353 2284 ante
1386 2253 1524 2285 dierum

240 2305 256 2326 e
282 2296 477 2328 coniectura
501 2298 630 2331 addidi.
