1621 2550
480 121 631 156 BELLI
654 121 852 155 TROIANI
876 121 969 154 LIB.
996 123 1041 156 11.
1351 124 1403 165 37

121 225 256 264 ventu
305 220 511 263 dissoluto
562 219 721 274 singuli
775 234 897 276 reges
942 221 995 261 ad
1038 222 1406 286 Agamemnonem

122 277 282 320 adeunt
319 290 500 331 eumque
538 275 684 317 multis
721 275 889 330 probris
935 276 1203 330 insecuntur,
1251 279 1407 332 quippe

122 334 196 388 qui
234 333 289 375 ob
326 346 513 374 amorem
553 332 745 386 captivae
791 332 980 374 mulieris
1018 346 1145 387 seque
1185 336 1247 386 et,
1295 334 1407 388 quod

121 388 467 452 indignissimum
504 387 737 441 videretur,
775 388 884 429 tanti
922 389 1110 430 numinis
1149 366 1273 430 deuin
1311 403 1408 431 con-

122 445 304 499 temptui
342 444 579 485 habuisset:
624 457 672 484 ac
711 457 811 485 mox
850 444 1037 485 univeisi
1078 445 1260 486 execrati
1295 445 1408 486 dese·
1427 460 1443 485 5

122 515 243 543 ruere
289 501 343 542 ob
389 500 433 541 id
479 503 522 541 et
550 513 759 541 memores
790 499 1049 552 Palamedis,
1083 515 1209 555 quem
1240 504 1408 556 gratum

122 559 426 612 acceptumque
470 556 515 597 in
561 555 747 597 exercitu
797 555 911 597 haud
956 557 1047 598 sine
1092 535 1271 598 consilio
1319 557 1409 598 eius

122 612 352 655 Diomedes
382 615 510 666 atque
540 610 688 653 Ulixes
720 611 817 653 dolo
849 612 1184 654 circumventum
1222 613 1410 654 necavis-

124 672 231 711 sent.
282 670 468 710 ceterum
489 667 679 709 Achilles
709 667 755 708 in
787 681 859 709 oie
891 669 1081 710 omnium
1113 669 1336 723 ipsumque
1367 672 1410 710 et

123 724 366 766 Menelaum
396 723 666 765 contumeliis
697 723 921 765 lacerabat
1431 738 1461 762 ιο

235 779 371 821 XXX.
434 779 573 834 Igitur
612 778 794 833 Chryses
832 780 905 821 ubi
950 780 1150 821 iniuriam
1187 794 1409 835 perpessus

123 835 176 878 ab
197 837 522 899 Agamemnone
544 834 717 877 domum
748 834 940 877 discessit
969 850 1107 891 neque
1128 836 1252 878 inulti
1283 836 1409 877 fluxe-

97 894 226 934 ¹rant
264 891 371 945 dies,
409 892 619 933 incertum
667 891 808 934 alione
852 906 950 933 casu
990 907 1065 946 an,
1111 892 1175 956 uti
1213 893 1410 934 omnibus

126 948 369 1001 videbatur,
416 948 479 989 ira
515 947 731 1010 Apollinis
770 948 942 989 morbus
1011 948 1255 990 rawssimus
1296 962 1409 990 exer-

124 1004 256 1046 citum
286 1003 450 1045 invadit
479 1003 690 1058 principio
725 1004 946 1068 grassandi
977 926 1098 1046 {acio
1120 1020 1144 1046 a
1173 1004 1409 1059 pecoribus,
1432 1015 1462 1040 15

125 1059 224 1101 dein
260 1060 373 1102 malo
412 1059 619 1114 paulatim
656 1060 793 1115 magis
831 1061 1051 1116 magisque
1089 1061 1411 1115 ingravescente

123 1130 201 1170 per
229 1115 425 1158 homines
455 1095 753 1170 dispergitur.
775 1119 868 1157 tum
899 1131 999 1158 vero
1031 1117 1095 1158 vis
1116 1130 1273 1172 11138113
1302 1131 1411 1158 mor-

124 1171 275 1214 talium
305 1171 553 1226 corporibus
583 1171 775 1227 fatigatis
813 1172 1016 1226 pestifera
1052 1172 1318 1228 aegritudine
1350 1173 1412 1213 in·

124 1227 255 1270 fando
294 1227 346 1269 ad
384 1230 646 1282 postremum
693 1228 822 1270 exitio
861 1229 1076 1271 interibat.
1147 1229 1218 1270 sed
1265 1242 1412 1284 regum

126 1283 303 1326 omnino
340 1284 484 1325 nullus
522 1298 660 1338 neque
697 1287 890 1326 mortuus
928 1299 978 1326 ex
1008 1285 1089 1327 hoc
1130 1285 1242 1326 malo
1274 1298 1411 1339 neque
1431 1294 1463 1319 20

126 1339 411 1394 adtemptatus
449 1343 524 1382 est.
592 1342 778 1382 ceterum
822 1344 1049 1395 postquam
1093 1341 1236 1382 nullus
1275 1341 1413 1382 morbi

125 1395 276 1438 modus
307 1399 350 1437 et
377 1396 422 1437 in
444 1395 532 1437 dies
553 1396 695 1450 plures
725 1397 971 1450 interibant,
1003 1398 1145 1438 cuncti
1169 1396 1294 1438 duces
1315 1411 1413 1438 con-

128 1466 251 1494 verso
281 1452 367 1493 iam
397 1452 442 1493 in
474 1466 517 1493 se
548 1452 727 1507 quisque
757 1453 910 1494 timore
941 1453 986 1494 in
1017 1468 1149 1494 unum
1180 1456 1335 1495 coeunt
1364 1466 1412 1494 ac

127 1507 226 1549 dein
256 1507 449 1563 flagitare
471 1507 717 1562 Calchanta,
749 1523 873 1563 quem
904 1510 1146 1551 futurorum
1176 1509 1411 1563 praescium

126 1564 475 1618 memoravimus,
514 1564 577 1605 uti
607 1578 775 1606 causam
808 1565 908 1606 mali
946 1565 1055 1606 tanti
1087 1565 1280 1606 ediceret.
1340 1564 1411 1606 ille
1431 1574 1463 1598 25¹

128 1620 241 1661 enim
271 1620 509 1674 perspicere
540 1634 583 1662 se
605 1621 816 1676 originem
837 1621 1012 1663 huiusce
1033 1621 1184 1674 mmbi,
1206 1623 1278 1662 sed
1299 1620 1412 1662 haud

127 1675 310 1717 liberum
341 1690 431 1717 esse
461 1676 659 1730 cuiquam
690 1677 854 1731 eloqui,
894 1691 944 1718 ex
975 1691 1059 1731 quo
1092 1676 1318 1731 accideret,
1351 1677 1412 1717 uti

126 1731 414 1787 potentissimi
444 1732 557 1788 regis
592 1731 863 1774 contraheret
893 1733 1110 1775 offensam.
1171 1735 1269 1796 post
1296 1746 1412 1796 quae

127 1787 318 1830 Achilles
356 1801 477 1843 reges
515 1788 707 1844 singulos
739 1788 892 1844 adigit,
933 1792 979 1830 ut
1009 1789 1262 1843 interposita
1292 1789 1412 1829 iuris-

127 1844 295 1886 iurandi
333 1844 541 1899 religione
579 1845 880 1887 confirmarent
907 1859 1176 1899 nequaquam
1207 1859 1250 1886 se
1280 1845 1334 1886 ob
1364 1859 1413 1885 ea
1431 1854 1464 1879 ³20

129 1899 298 1942 offendi.
357 1900 436 1942 hoc
465 1900 592 1943 modo
624 1900 821 1955 Calchas,
853 1901 925 1943 ubi
964 1904 1213 1943 cunctorum
1249 1901 1412 1942 animos

128 1956 175 1998 in
195 1970 239 1998 se
261 1956 516 2011 conciliavit,
534 1956 778 2011 Apollinis
766 1972 874 1999 iram
890 1957 1160 2012 pronuntiat.
1185 1972 1280 1999 eum
1296 1971 1413 1998 nam-

130 2027 211 2067 que
242 2012 296 2054 ob
327 2012 526 2054 iniuriam
558 2013 786 2055 sacerdotis
815 2013 1020 2056 infestum
1053 2014 1223 2056 Graecis
1253 2027 1412 2067 poenas

129 2069 182 2110 ab
213 2068 400 2110 exercitu
431 2072 641 2132 expetere
692 2069 790 2111 dein
819 2072 1092 2134 perquirente
1113 2069 1280 2111 Achille
1311 2068 1410 2110 mali

129 2124 363 2166 remedium
392 2125 704 2167 restitutionem
735 2126 913 2182 virginis
943 2126 1205 2181 pronuntiat.
1429 2132 1477 2169 35,

222 2251 263 2283 12
299 2251 482 2283 fluxerunt
515 2251 547 2283 P
649 2252 690 2284 15
728 2251 827 2284 facta
862 2251 909 2286 6¹
1020 2253 1063 2284 24
1099 2251 1319 2284 chalchanta
1351 2249 1412 2282 GB

130 2295 174 2328 25
206 2295 434 2336 Wopkensius
456 2296 666 2329 scribendum
690 2307 764 2329 esse
789 2298 933 2329 censuit:
958 2297 1022 2329 ille
1049 2300 1171 2330 autem
1241 2297 1283 2327 ‘27
1308 2305 1412 2327 acce-

132 2339 235 2373 deret
261 2340 290 2373 G
363 2341 407 2374 28
432 2350 541 2382 quam
568 2341 629 2374 GB
722 2343 764 2375 29
796 2341 920 2385 adegit
948 2341 1006 2375 ΘΞ.
