1621 2550
479 109 627 142 BELLI
648 108 848 142 TROIANI
870 108 965 142 LIB.
991 109 1054 142 1v.
1354 110 1406 152 73

132 207 230 249 telis
259 207 354 249 aliis
383 207 428 249 in
458 207 587 248 alium
608 206 780 248 modum
809 205 1004 248 formatis
1034 210 1249 248 scutmum
1281 210 1406 250 etiam

132 267 175 305 et
203 263 419 319 galearum
457 262 711 303 multiformi
748 263 886 325 specie
923 262 1179 303 horrendam
1217 263 1318 303 belli
1348 265 1406 305 fa-

133 320 240 361 ciem
269 318 567 381 praebuerunt.
618 320 662 359 at
692 318 764 359 ubi
794 317 885 358 triti
915 317 1078 371 aliquot
1108 317 1195 359 dies
1226 321 1268 359 et
1287 319 1407 360 miles

131 374 290 415 bellum
319 374 448 428 cupit,
480 373 605 414 simul
636 387 730 414 cum
761 373 854 414 luce
880 373 1086 414 exercitus
1117 374 1254 415 omnis
1284 375 1407 437 signo

130 429 229 471 dato
260 429 305 470 in
335 429 543 483 proelium
575 429 740 470 ducitur
770 442 948 483 eumque
980 429 1046 470 his
1066 429 1240 470 'lroiani
1271 433 1312 470 et
1333 430 1404 483 qui
1424 442 1439 465 5

130 485 243 526 intra
280 485 450 526 moenia
495 485 597 526 socii
635 484 817 525 fuerant.
885 487 929 525 at
974 486 1122 525 contra
1159 485 1309 526 Graeci
1347 487 1408 526 in-

129 541 278 582 structi
315 555 392 595 pro
430 544 620 594 tempore
667 540 846 594 operiri,
895 539 1104 581 debilitati
1143 540 1408 594 aliquantum

132 596 298 638 animos
327 598 443 638 metu
474 596 660 651 ingentis
690 599 817 650 atque
847 596 1055 650 incogniti
1077 595 1225 637 hostis.
1277 596 1409 650 igitur

131 651 204 693 ubi
234 652 347 694 intra
376 651 451 693 teli
481 652 639 692 iactum
669 655 844 692 ventum
875 654 957 705 051,
989 654 1079 692 111111
1110 665 1210 692 vero
1241 651 1409 692 barbari

131 707 314 748 clamore
344 707 509 762 ingenti
534 720 582 747 ac
603 705 774 748 dissono
805 707 951 747 ruinae
983 707 1027 747 in
1049 706 1221 748 modum
1251 707 1459 748 inrum-1⁰

129 765 258 816 punt,
297 763 433 804 nostri
464 762 702 803 confirmati
740 762 852 803 inter
891 776 934 803 se
972 763 1073 803 satis
1113 763 1292 825 impigre
1323 763 1410 803 vim

131 817 321 859 hostium
358 820 658 859 sustentavere.
728 818 800 859 sed
837 820 1061 871 postquam
1097 818 1206 859 acies
1236 832 1411 859 renov-a

131 876 200 914 tae
231 875 358 926 atque
389 874 434 914 in
466 873 657 915 ordinem
693 873 947 915 reformatae
985 876 1085 915 sunt
1121 877 1163 915 et
1199 874 1279 914 iaci
1310 874 1410 915 hinc

132 933 260 983 atque
290 929 388 970 inde
418 929 503 970 tela
533 943 727 983 coepere,
767 928 925 970 cadunt
953 929 1171 983 utriusque
1203 930 1409 971 exercitus

130 984 317 1039 plurimi,
348 999 486 1039 neque
507 985 603 1026 finis
634 986 694 1038 fit,
725 984 866 1038 quoad
886 984 1090 1026 Memnon
1112 999 1236 1026 curru
1266 988 1409 1027 vectus
1428 995 1460 1021 15

129 1039 321 1082 adhibito
361 1054 502 1082 50011111
538 1040 771 1082 fortissimo
818 1054 986 1094 quoque
1024 1040 1184 1082 medios
1231 1041 1410 1082 Graeco-

128 1109 223 1136 rum
253 1096 436 1151 invadit,
466 1096 651 1159 primum
682 1110 892 1150 quemque
922 1096 1094 1137 obvium
1125 1096 1308 1137 fundens
1340 1099 1411 1137 aut

129 1150 367 1193 debilitans.
441 1152 502 1193 ita
546 1152 629 1193 iam
665 1151 859 1205 plurimis
896 1153 1139 1193 nostrorum
1177 1152 1411 1193 interfectis

129 1205 275 1260 duces,
312 1207 386 1249 ubi
423 1207 596 1249 fortuna
635 1207 734 1248 belli
773 1221 918 1249 eversa
952 1221 1090 1261 neque
1121 1221 1215 1261 spes
1246 1207 1410 1261 reliqua

128 1262 212 1304 nisi
251 1263 297 1304 in
333 1263 438 1318 fuga
473 1266 556 1317 est,
597 1263 818 1304 victoriam
854 1277 1109 1304 concesser.e
1170 1277 1219 1304 eo
1252 1263 1317 1304 die
1348 1264 1409 1304 in·
1428 1274 1461 1298 20

131 1331 283 1360 censae
313 1318 558 1374 deletaeque
588 1333 718 1360 naves
749 1333 895 1360 omnes
925 1319 1090 1372 forent,
1129 1319 1175 1359 ni
1204 1333 1290 1360 nox
1319 1333 1411 1381 per-

129 1373 296 1429 fugium
341 1375 627 1416 laborantium
678 1375 1009 1429 ingruent-esque
1057 1352 1201 1416 h'ostes
1245 1375 1297 1415 ab
1349 1389 1411 1415 111-

132 1432 256 1493 cepto
295 1430 573 1472 cohibuisset:
612 1433 733 1472 tanta
769 1431 811 1471 in
852 1430 1081 1472 Memnone
1120 1430 1306 1471 bellandi
1346 1430 1410 1471 vis

131 1485 369 1540 peritiaque
401 1489 443 1528 et
471 1486 628 1528 nostris
659 1485 860 1528 advorsae
890 1500 968 1527 res.

241 1540 316 1583 VI.
376 1541 514 1597 Igitur
545 1541 716 1595 Graeci,
750 1545 976 1596 postquam
1007 1541 1173 1595 requies
1204 1544 1286 1594 est,
1316 1555 1407 1594 per·
1426 1550 1461 1576 2⁵

133 1596 238 1637 culsi
269 1597 382 1638 inter
411 1612 455 1639 se
485 1611 533 1639 ac
564 1612 752 1639 summae
783 1611 923 1638 10111111
945 1596 1184 1638 diffidentes
1213 1611 1290 1650 per
1321 1597 1411 1637 uni-

129 1665 294 1693 versam
332 1656 501 1694 noctem
540 1667 646 1707 quos
683 1653 729 1694 in
759 1653 871 1694 bello
901 1653 1130 1694 amiserant
1167 1666 1210 1693 se
1243 1652 1411 1693 elivere.

130 1706 228 1748 dein
259 1708 485 1750 consilium
524 1709 658 1750 futuri
689 1708 932 1749 certaminis
969 1708 1191 1749 adversum
1247 1707 1413 1749 10111110-

128 1777 227 1804 110111
257 1763 427 1806 ineunt:
458 1778 506 1806 ac
535 1764 675 1818 placet
703 1766 817 1806 sorte
848 1764 949 1819 eligi
976 1777 1134 1805 nomen
1165 1763 1281 1804 ducis
1315 1777 1410 1804 cum

130 1832 180 1860 eo
219 1819 430 1861 bellaturi.
498 1822 600 1861 111110
630 1820 977 1875 Agamemnon
962 1819 1202 1861 Menelaum
1239 1819 1407 1873 excipit,
1428 1830 1460 1853 ³0

130 1873 308 1929 Ulixen,
351 1875 647 1918 Idomeneum:
697 1875 958 1939 reliquorum
1004 1889 1093 1917 sors
1147 1875 1216 1930 agi
1263 1877 1413 1928 coepta

129 1930 306 1972 Aiacem
336 1931 632 1974 Telamonium
670 1931 781 1973 votis
813 1931 1002 1973 omnium
1042 1931 1201 1994 deligit.
1263 1931 1322 1971 ita
1351 1944 1412 1971 re-

130 1985 252 2027 fectis
291 1986 385 2029 cibo
424 1987 673 2042 corporibus
712 1987 925 2051 reliquum
963 1987 1102 2028 noctis
1142 2001 1236 2028 011111
1271 1986 1411 2039 quiete

129 2042 385 2097 transigunt.
445 2046 490 2085 at
536 2043 641 2085 lucis
678 2042 890 2097 principio
937 2043 1087 2084 armati
1133 2042 1412 2096 instruct-ique

219 2224 240 2255 3
271 2223 521 2265 praebuerunt
552 2234 611 2256 nos
647 2220 859 2266 scripsimus,
899 2223 976 2255 libri
1011 2223 1132 2255 habent
1167 2221 1414 2263 praebuerant

129 2267 150 2298 8
174 2267 336 2309 uigentis
362 2269 390 2302 G
461 2269 502 2301 18
528 2269 653 2310 primis
673 2269 701 2301 G
772 2270 812 2300 19
837 2277 945 2300 uersa
975 2268 1011 2299 V
1075 2269 1117 2299 2⁶2
1143 2267 1356 2308 ingruentes
1381 2264 1413 2295 B

130 2312 171 2343 31
190 2310 406 2344 Idomeneus
432 2313 495 2345 OB
519 2323 610 2346 corr.
641 2313 675 2344 V
