1621 2550
145 135 214 165 XII

144 225 286 265 autem
321 224 461 277 ipsum
499 236 552 263 ne
589 222 821 276 inspexisse
860 221 1050 275 quidem:
1090 221 1139 262 de
1171 235 1255 275 qua
1279 234 1324 261 re
1356 221 1425 276 egi

144 279 170 321 l.
202 279 229 320 l.
261 294 301 333 p.
335 280 401 320 29.
451 278 568 319 Idem
588 278 731 319 nescio
753 292 810 318 an
831 277 880 318 de
911 277 1106 318 Guidone
1137 276 1187 318 de
1217 276 1426 318 Columna

143 334 280 376 iudice
319 334 601 385 Messanensi,
645 333 717 388 qui
762 333 984 374 historiam
1021 332 1337 375 celeberrimam
1383 335 1426 373 et

145 390 432 432 doctissimam
469 389 766 431 destructionis
805 389 957 430 Troiae
989 403 1102 430 anno
1136 389 1244 430 1282
1274 389 1425 443 lingua

144 446 299 487 Latina
342 446 558 500 eleganter
601 446 801 499 scriptam
846 445 997 498 edidit,
1042 444 1315 486 iudicandum
1356 444 1424 498 sit,

145 502 337 556 quamvis
374 502 464 556 ipse
508 500 651 542 laudet
689 500 858 541 Daretis
899 503 1027 553 atque
1064 499 1230 554 Dictyis
1275 513 1424 555 graece

145 558 323 612 scriptos
352 557 485 598 libros
517 571 541 598 a
573 555 772 598 Cornelio
803 558 960 610 nepote
982 554 1172 597 Sallustii
1203 555 1424 597 clarissimi

143 614 271 655 nimis
301 614 486 654 breviter
515 612 757 653 translatos.
808 611 941 652 Plane
972 626 1022 652 ex
1053 625 1102 653 eo
1133 611 1322 665 pendent
1351 611 1424 665 qui

146 670 234 711 eius
279 669 501 710 historiam
552 669 597 709 in
641 670 829 709 nostram
874 668 1067 722 linguam
1116 667 1429 708 transtulerunt

144 725 171 767 J
177 739 336 766 oannes
352 724 464 766 Mair
480 723 834 779 Noerdlingensis
857 726 898 764 et
918 723 1129 765 Henricus
1146 723 1427 764 Brunsvicen·

146 782 215 834 sis,
247 781 332 835 qui,
364 795 459 821 cum
489 780 532 820 id
562 780 641 821 sibi
672 781 1007 834 proposuissent,
1038 782 1086 820 ut
1108 778 1316 820 Guidonis
1347 779 1427 820 ele-

146 840 320 891 gantem
343 837 525 890 quidem,
556 837 602 876 in
624 835 875 890 quibusdam
906 838 1048 876 autem
1070 835 1303 877 doctiorem
1332 849 1426 876 nar-

144 893 354 934 rationem
383 892 661 946 popularibus
692 892 778 932 suis
800 891 1073 945 explicarent,
1104 891 1224 932 fonte
1254 905 1345 944 suo,
1377 904 1427 932 ex

145 963 228 1002 quo
273 948 548 998 hauriebant,
599 948 700 988 satis
741 947 932 988 contenti
977 947 1107 988 alium
1151 961 1240 988 non
1289 947 1427 1001 requi-

144 1005 306 1045 rebant.

258 1059 419 1102 Contra
455 1058 704 1101 Konradum
745 1058 794 1099 de
835 1058 1121 1113 Virceburgo,
1172 1058 1240 1100 vel
1283 1058 1428 1113 potius

145 1131 252 1170 eum,
285 1116 357 1170 qui
389 1116 478 1156 eius
509 1129 615 1169 opus
636 1115 915 1168 continuavit,
946 1114 1098 1169 Dictye
1120 1114 1274 1156 Latino
1305 1129 1428 1155 usum

144 1186 254 1225 esse,
285 1172 509 1226 praecipue
541 1174 658 1212 sexto
691 1171 780 1212 eius
811 1171 919 1212 libro
957 1185 1045 1212 non
1077 1173 1139 1212 est
1160 1170 1274 1225 quod
1303 1184 1429 1225 nege-

144 1242 250 1282 mus,
282 1228 334 1269 cf.
366 1242 445 1269 nos
476 1227 502 1268 l.
534 1227 562 1268 l.
593 1242 634 1281 p.
667 1228 734 1269 35.

255 1284 307 1325 In
327 1284 589 1325 restituendo
611 1286 730 1324 textu
751 1297 878 1337 quem
907 1283 1054 1324 dicunt
1082 1283 1301 1336 scriptoris
1322 1282 1427 1323 haec

143 1339 249 1381 mihi
279 1339 488 1394 praesidia
516 1343 686 1393 praesto
717 1339 912 1380 fuerunt:

257 1396 294 1437 G
340 1395 483 1437 Codex
529 1394 817 1450 Sangallensis
864 1395 901 1434 D
943 1409 985 1435 n.
1023 1394 1107 1435 205
1145 1393 1429 1436 bibliothecae

142 1451 395 1493 Monasterii
443 1465 548 1492 saec.
588 1451 650 1492 IX
689 1451 756 1492 vel
794 1450 855 1504 X,
896 1451 969 1504 qui
1007 1450 1156 1504 quanti
1202 1450 1257 1491 sit
1299 1450 1427 1504 pretii

142 1522 257 1549 nunc
289 1507 458 1549 demum
489 1508 660 1562 egregia
690 1507 931 1548 Woelfflini
963 1521 1092 1560 opera
1123 1506 1324 1561 cognosci
1354 1520 1428 1560 po-

142 1567 237 1618 test,
269 1564 342 1618 qui
374 1578 469 1604 eum
500 1577 633 1617 usque
665 1564 717 1604 ad
746 1563 788 1604 II
818 1563 874 1604 50
903 1563 1008 1603 mihi
1040 1562 1234 1616 contulit,
1266 1562 1431 1616 reliqua

143 1620 195 1661 ab
226 1619 385 1661 Adolfo
407 1619 543 1674 Kaegi
575 1618 832 1660 conferenda
862 1619 1037 1660 curavit.
1068 1619 1183 1660 hunc
1212 1619 1257 1660 in
1287 1632 1429 1660 recen-

143 1675 273 1717 sendo
311 1676 420 1716 libro
472 1675 621 1716 ducem
665 1689 877 1716 assumere
922 1689 1191 1728 nequaquam
1237 1674 1428 1715 dubitavi

143 1746 323 1786 eumque
361 1731 642 1772 certissimum
682 1730 831 1771 ducem
871 1745 960 1771 esse
998 1730 1186 1772 confido:
1223 1730 1428 1772 lectiones

144 1788 233 1829 eius
265 1787 551 1842 discrepantes
581 1786 762 1828 fideliter
791 1787 951 1827 notavi.

256 1843 292 1885 B
325 1843 426 1885 Cod.
450 1843 678 1884 Bel-nensis
709 1857 751 1884 n.
773 1843 853 1884 367
886 1857 990 1883 saec.
1013 1841 1118 1883 XIII
1138 1842 1428 1884 intercedente

142 1899 391 1941 Hermanno
412 1899 592 1955 Hageno
625 1899 804 1940 collatus
835 1913 858 1939 a
879 1898 1037 1939 Kurzio
1060 1898 1236 1940 minoris
1258 1898 1428 1952 quidem

142 1956 267 2009 pretii
300 1955 370 1997 sed
402 1956 577 1997 omnino
599 1969 688 1996 non
719 1954 993 2009 spernendus,
1024 1954 1219 2008 inprimis
1241 1955 1292 1995 iis
1323 1954 1428 1996 locis

143 2012 296 2065 quibus
337 2010 657 2066 Sangallensem
704 2025 842 2052 errare
882 2010 1154 2052 manifestum
1196 2013 1271 2052 est.
1331 2010 1426 2051 Etsi

142 2082 230 2109 non
271 2069 556 2109 necessarium
594 2067 700 2108 mihi
730 2068 866 2108 visum
900 2070 961 2108 est
993 2081 1140 2108 omnes
1171 2067 1259 2108 eius
1290 2067 1428 2108 varias

142 2124 345 2165 lectiones
377 2124 604 2177 adnotare,
638 2123 750 2178 quod
781 2123 915 2164 multa
944 2123 1233 2179 negligentiae
1263 2123 1427 2164 scribae

142 2180 419 2222 adscribenda
439 2184 550 2233 sunt,
582 2180 665 2221 alia
695 2179 890 2222 consulto
913 2179 1110 2220 videntur
1140 2181 1303 2221 mutata
1324 2193 1426 2232 esse,

140 2250 229 2278 non
267 2251 362 2278 raro
406 2239 550 2278 tamen
595 2251 690 2278 eum
727 2235 916 2289 laudavi,
962 2236 1186 2290 praecipue
1228 2235 1301 2277 ubi
1332 2249 1427 2277 cum

141 2292 230 2334 cod.
265 2292 531 2348 Sangallensi
564 2293 789 2334 consentit.
