1621 2550
210 86 261 125 14
619 84 793 118 D1crrs
819 84 1085 119 CRETENSIS

207 198 257 225 ex
287 183 437 225 insulis
469 182 722 238 Cycladibus
752 183 886 224 XXX.
947 197 1099 238 easque
1130 197 1286 238 magna
1322 184 1365 224 vi
1401 184 1489 226 fru-

205 240 338 280 menti
359 239 624 293 aliorumque
644 240 978 280 necessariorum
1000 240 1082 280 cibi
1103 239 1280 293 replent.
1331 240 1488 294 quippe

206 295 265 336 ita
286 295 338 336 ab
360 296 683 349 Agamemnone
700 295 948 336 mandatum
969 299 1230 358 acceperant,
1254 295 1414 336 scilicet
1432 309 1487 336 ne

204 353 325 392 tanta
354 365 417 391 vis
438 350 621 392 militum
650 351 983 392 necessariorum
1014 351 1192 404 penuria
1220 351 1486 406 fatigaretur.

170 418 186 444 5
316 405 476 447 XVIII.
535 405 672 461 Igitur
709 407 821 447 inter
864 409 1032 447 tantum
1072 407 1268 448 classium
1314 421 1489 461 appara-

203 465 295 502 tum
326 461 423 515 equi
453 464 580 516 atque
622 476 767 503 currus
796 461 937 502 bellici
977 462 1031 502 ob
1060 461 1252 503 locorum
1283 462 1488 504 conditio-

203 530 301 558 nem
340 517 485 570 multi,
523 517 595 558 sed
633 516 847 570 pedestres
885 516 1041 557 milites
1072 531 1168 570 pars
1198 518 1400 571 maxima,
1432 518 1486 559 ob

204 587 296 614 eam
345 550 533 626 causain,
592 573 691 626 quia
738 586 814 626 per
864 585 1032 613 omnem
1083 571 1303 614 Graeciam
1352 551 1488 614 m'ulto

203 629 362 670 maiore
403 631 590 682 egestate
626 628 794 682 pabuli,
834 628 1046 682 equitatus
1086 642 1186 669 usus
1224 628 1488 691 prohibetur.

154 695 186 720 10
202 687 422 747 praeterea
451 683 570 725 fuere
607 683 752 737 multi,
793 684 865 737 qui
905 684 958 725 ob
990 684 1091 725 artis
1122 684 1318 738 peritiam
1348 697 1490 725 neces·

204 740 303 781 sarii
333 739 505 781 nautico
537 717 759 794 apparatui
791 739 1082 781 credebantur
1140 754 1215 794 per
1244 739 1355 781 idem
1384 742 1488 781 tem-

202 810 281 849 pus
302 795 456 849 Lycius
477 794 697 849 Sarpedon
726 809 865 849 neque
895 795 1032 849 pretio
1062 809 1200 849 neque
1221 796 1359 850 gratia
1379 795 1488 836 Pha-

202 851 311 905 lidis,
343 850 615 892 Sidoniorum
645 852 776 906 regis,
823 855 936 893 inlici
964 855 1107 902 quivit,
1147 855 1204 893 uti
1239 852 1484 893 societatem
1545 861 1555 872 ··

202 907 379 948 militiae
394 910 565 948 nostrae
582 907 805 948 adversum
822 906 1030 948 Troianos
1047 910 1311 962 sequeretur:
1329 907 1486 961 quippe

153 973 184 998 15
203 976 329 1016 quem
359 963 444 1004 iam
465 962 660 1004 Priamus
691 963 813 1004 donis
851 963 1127 1016 amplioribus
1158 964 1301 1016 eisque
1339 966 1488 1016 postea

203 1018 427 1072 duplicatis
448 1018 699 1060 fidissimum
730 1019 810 1060 sibi
832 1019 1077 1060 retinuerat.
1130 1019 1320 1060 omnium
1345 1021 1487 1059 autem

203 1074 400 1115 classium
429 1089 643 1128 numerus,
675 1088 801 1129 quem
832 1089 882 1116 ex
912 1074 1088 1116 diversis
1111 1074 1312 1116 Graeciae
1343 1074 1486 1129 regnis

203 1133 469 1171 contractum
490 1145 617 1185 supra
638 1131 922 1185 exposuimus,
942 1134 1034 1172 toto
1057 1130 1352 1185 quinquennio
1368 1143 1486 1184 prae·

200 1189 373 1240 paratus
410 1186 726 1241 instructusque
765 1190 839 1230 est.
915 1187 975 1228 ita
1012 1201 1107 1228 cum
1144 1186 1263 1227 nulla
1298 1186 1383 1227 iani
1420 1200 1486 1227 res

151 1253 183 1278 20
200 1241 524 1297 profectionem,
556 1243 638 1284 nisi
669 1243 862 1284 absentia
890 1243 1037 1284 militis
1067 1241 1312 1294 retardaret,
1344 1242 1485 1283 cuncti

201 1297 326 1339 duces
365 1298 497 1339 veluti
536 1299 659 1353 signo
698 1298 795 1340 dato
832 1313 917 1339 una
955 1301 1081 1352 atque
1118 1297 1265 1339 eodem
1294 1305 1486 1351 tempore

200 1353 401 1394 Aulidam
433 1354 665 1395 confluunt.

312 1408 429 1450 XIX.
488 1410 665 1451 Interim
704 1410 750 1450 111
798 1409 890 1463 ipsa
934 1408 1164 1463 navigandi
1211 1408 1486 1450 festinatione

199 1465 512 1519 Agamemnon,
545 1480 669 1519 quem
701 1479 725 1505 a
755 1465 917 1506 cunctis
955 1478 1099 1520 regem
1131 1465 1321 1506 omnium
1352 1463 1486 1506 decla-

149 1532 181 1557 25
200 1524 339 1561 ratum
378 1535 505 1575 supra
541 1521 780 1573 docuimus,
827 1521 997 1575 longius
1035 1520 1162 1574 paulo
1208 1521 1261 1561 ab
1299 1520 1486 1561 exercitu

199 1590 448 1631 progressus
485 1577 595 1618 forte
635 1577 844 1630 conspicit
881 1577 990 1618 circa
1032 1577 1174 1618 lucum
1212 1575 1377 1618 Dianae
1414 1589 1486 1630 pa-

200 1635 387 1673 scentem
418 1646 612 1686 capream
642 1632 972 1686 imprudensque
1010 1632 1251 1687 religionis,
1295 1645 1402 1686 (luae
1439 1631 1485 1672 in

201 1701 249 1728 eo
280 1687 374 1729 loco
413 1691 522 1741 erat,
562 1689 698 1729 iaculo
737 1688 962 1742 transfigit.
1030 1702 1169 1741 neque
1213 1687 1349 1728 multo
1386 1691 1485 1741 post

199 1743 319 1784 irane
363 1743 531 1785 caelesti
574 1759 628 1785 an
676 1744 729 1785 ob
768 1744 1048 1784 mutationem
1088 1744 1195 1784 aeris
1235 1743 1483 1806 corporibus

149 1810 181 1835 30
199 1800 494 1862 pertemptatis
538 1799 627 1841 lues
672 1799 846 1840 invadit.
922 1802 1048 1852 atque
1093 1799 1264 1841 interim
1309 1800 1354 1840 in
1396 1798 1483 1840 dies

199 1855 336 1910 magis
373 1856 592 1928 magisque
640 1855 831 1896 saeviens
877 1855 1011 1896 multa
1063 1855 1178 1896 milia
1224 1855 1403 1910 fatigare
1443 1858 1483 1896 et

290 1946 528 1979 XIX—XXII
545 1945 750 1979 Mala1.1‘23
769 1945 924 1979 Cedren.
941 1945 969 1977 P
987 1947 1059 1979 124.
1077 1947 1139 1979 1⁶25
1154 1945 1280 1978 Tzetz.
1294 1945 1484 1978 Antehom.

202 1992 378 2024 191—‘209
403 1990 521 2023 Dares
546 1991 646 2023 XXV
670 1992 808 2023 Auctor
833 1989 905 2023 τῶν
934 1988 1113 2032 Τρωϊκὼν
1137 1990 1174 2022 111
1199 1991 1239 2025 Β
1266 1990 1339 2023 Uff.
1359 1989 1484 2022 XXIII

199 2035 407 2119 gssollleenzifiei
431 2036 720 2078 Hephaestionis
753 2046 835 2069 nov.
865 2035 1068 2068 fabularum
1096 2036 1280 2077 Excerpta
1307 2036 1354 2076 (p.
1380 2036 1436 2075 39,
1462 2035 1482 2066 9

290 2160 309 2190 *2
341 2159 423 2200 cybi
457 2159 484 2192 G
583 2160 602 2190 6
635 2158 741 2200 aequi
776 2159 803 2191 G
911 2160 930 2191 9
963 2167 1112 2200 eq.usus
1153 2157 1332 2199 egestatis
1362 2166 1428 2189 usu
1455 2157 1483 2189 G

200 2205 240 2236 13
265 2203 365 2246 frigii
392 2203 453 2236 GB
478 2203 642 2236 Phalidis
668 2215 759 2236 corr.
787 2203 819 2235 P
843 2214 914 2236 num
939 2208 1041 2240 recte,
1073 2212 1276 2245 maynopere
1308 2203 1482 2244 quaeritur

198 2248 445 2325 ῗῦἒῖίἓῗὶεᾳιιί
470 2248 616 2281 uirtutis
645 2248 706 2281 (ΞΒ
755 2247 845 2281 illici
871 2249 992 2290 potuit
1016 2251 1055 2280 ut
1079 2247 1228 2279 uirtutis
1254 2257 1281 2278 s.
1302 2247 1333 2277 P
1355 2248 1481 2279 emend.

1536 778 1553 792 0
