1621 2550
463 112 612 145 BELLI
637 112 836 146 TROIANI
861 113 954 146 Lm.
979 113 1020 146 v,
1327 115 1382 157 39

103 227 193 255 non
222 213 507 267 propinquus,
538 225 627 253 non
657 211 838 266 denique
879 211 983 252 civis
1014 212 1195 254 inveniri
1226 219 1380 269 posset,

104 269 178 324 qui
214 268 427 310 aerumnis
472 267 558 309 suis
604 267 919 322 ingemesceret.
991 282 1173 323 namque
1213 274 1380 324 optasse

103 325 208 367 haec
236 338 324 366 non
353 337 469 365 nunc
500 323 689 377 demum,
732 338 878 365 verum
911 324 1017 364 vivis
1049 325 1291 367 Alexandro
1322 330 1382 368 at—

104 394 186 435 que
223 379 407 422 Hectore
452 379 522 435 agi
561 382 722 433 coepta.
797 379 870 420 sed
908 380 1109 433 quoniam
1155 383 1383 434 praeterita

102 450 301 478 revocare
338 435 447 478 nulli
477 449 723 477 concessum
754 439 878 489 esset,
910 437 1193 489 praesentium
1225 437 1380 479 haben·
1400 450 1416 475 5

103 491 200 534 dam
242 506 383 534 curam
426 492 718 545 rationemque
769 492 924 533 futuris
968 491 1264 534 adhibendam.
1339 509 1382 535 se

102 563 286 604 namque
325 548 535 602 omnium,
574 562 681 602 quae
719 548 913 601 haberet,
953 547 1004 589 ad
1047 548 1382 603 redemptionem

103 605 265 660 patriae
295 607 550 659 potestatem
581 604 698 645 dare.
740 619 866 658 quam
897 581 985 645 iem
1015 605 1227 647 Antenori
1258 619 1383 668 agen-

103 660 200 703 dam
229 661 486 716 permittere.
538 662 723 701 ceterum
745 675 801 713 se,
833 660 1034 714 quoniam
1056 660 1152 702 odio
1184 662 1268 703 iam
1298 677 1383 703 suis

103 720 224 770 esset,
256 717 371 758 abire
402 731 424 757 e
455 719 684 770 conspectu
705 716 1042 757 consentientem
1073 716 1151 770 his,
1184 732 1291 771 quae
1321 718 1382 759 in·
1404 730 1435 754 10

102 776 168 814 ter
197 787 240 814 se
272 772 560 814 decernerent.

216 828 291 871 IV.
342 827 451 869 Tum
481 830 674 882 separato
704 841 803 883 rege
834 828 984 882 placet,
1017 829 1078 869 uti
1107 831 1304 870 Antenor
1333 829 1386 870 ad

103 883 288 927 Graecos
325 883 469 925 redeat
513 884 779 938 exploratum
818 884 1083 926 voluntatem
1121 888 1278 926 certam
1316 886 1384 926 ad-

93 941 356 995 'iunctusque
387 941 444 994 ei,
476 941 539 982 uti
572 941 782 993 voluerat,
815 941 992 982 Aeneas.
1062 941 1121 982 ita
1151 942 1386 996 composita

102 1012 148 1039 re
179 997 418 1039 disceditur.
479 996 551 1037 sed
581 997 719 1038 media
756 997 887 1037 ferme
926 999 1049 1038 nocte
1080 996 1246 1038 Helena
1277 998 1382 1039 clam
1404 1009 1436 1034 1⁵

103 1053 156 1095 ad
186 1055 451 1095 Antenorem
491 1053 610 1094 venit
654 1053 872 1106 suspicans
902 1052 1012 1094 tradi
1043 1067 1086 1094 se
1118 1053 1311 1095 Menelao
1344 1057 1386 1095 et

104 1110 158 1151 ob
189 1109 232 1151 id
270 1110 376 1150 iram
413 1109 637 1150 derelictae
675 1108 825 1150 domus
862 1112 1074 1150 metuens:
1114 1110 1257 1163 itaque
1288 1125 1384 1151 eum

104 1168 210 1219 orat,
241 1165 304 1206 uti
334 1165 447 1206 inter
477 1168 616 1206 cetera
645 1165 711 1206 sui
732 1179 901 1219 quoque
932 1164 1043 1219 apud
1066 1165 1250 1207 Graecos
1275 1180 1384 1207 com-

103 1221 454 1263 memorationem
485 1221 644 1262 faceret
673 1235 721 1262 ac
741 1235 818 1275 pro
852 1235 894 1262 se
919 1221 1225 1275 deprecaretur.
1277 1225 1384 1263 cete-

103 1292 211 1332 rum,
241 1280 289 1319 ut
319 1277 537 1332 cognitum
569 1280 652 1330 est,
682 1280 780 1331 post
809 1277 1041 1318 Alexandri
1073 1278 1291 1318 interitum
1322 1279 1383 1318 in·
1402 1288 1436 1314 20

104 1334 195 1376 visa
225 1333 263 1375 ei
293 1333 405 1388 apud
436 1333 607 1375 Troiam
636 1333 755 1374 fuere
786 1334 930 1374 omnia
960 1333 1302 1388 desideratusque
1334 1333 1386 1374 ad

105 1404 203 1432 suos
234 1389 405 1431 reditus.
465 1393 508 1431 at
537 1389 642 1431 lucis
672 1390 796 1431 initio
828 1390 981 1443 quibus
1012 1390 1266 1444 imperatum
1297 1392 1387 1431 erat

105 1445 158 1488 ad
186 1460 317 1487 naves
348 1446 539 1499 veniunt,
571 1445 785 1487 decretum
809 1446 965 1487 civium
997 1447 1158 1487 cunctis
1189 1449 1383 1487 narrant:

104 1502 248 1556 itaque
279 1516 375 1543 cum
405 1502 498 1556 quis
519 1505 646 1544 antea
675 1501 727 1543 ad
749 1501 1050 1555 confirmanda,
1082 1517 1189 1556 quae
1220 1505 1386 1556 tempus

105 1559 318 1612 monebat,
350 1557 563 1600 secedunt.
624 1558 683 1599 ibi
714 1572 809 1599 cum
839 1558 974 1599 multa
1005 1558 1054 1599 de
1093 1558 1310 1612 republica
1339 1572 1387 1599 ac
1405 1567 1438 1593 2⁵

105 1629 270 1656 summa
299 1629 439 1655 rerum
471 1614 736 1667 dissererent,
768 1614 1033 1655 voluntatem
1064 1629 1233 1668 quoque
1263 1614 1387 1655 Hele-

106 1684 187 1712 nae
226 1670 380 1712 docent
410 1671 661 1724 veniamque
693 1673 818 1712 orant
847 1673 890 1711 et
916 1670 969 1711 ad
997 1674 1259 1724 postremum
1290 1684 1388 1711 con-

107 1727 282 1768 firmant
318 1726 430 1768 inter
475 1741 518 1768 se
555 1726 811 1780 proditionis
856 1726 1110 1780 pactionem.
1179 1726 1276 1767 dein
1314 1726 1387 1767 ubi

105 1786 273 1837 tempus
303 1783 441 1824 visum
471 1786 546 1837 est,
578 1797 674 1824 cum
696 1781 821 1824 Ulixe
852 1786 894 1823 et
915 1781 1120 1824 Diomede
1142 1782 1194 1823 ad
1215 1782 1386 1823 Troiam

106 1840 286 1881 veniunt
325 1838 512 1881 cohibito
552 1839 681 1880 Aiace
727 1840 779 1880 ab
818 1839 985 1890 Aenea,
1024 1839 1185 1880 scilicet
1218 1853 1271 1879 ne
1303 1852 1387 1892 qua
1403 1847 1438 1873 ³0

106 1895 272 1937 insidiis
302 1895 613 1950 opprimeretur
641 1895 739 1936 talis
769 1895 851 1949 vir,
890 1909 1016 1949 quem
1051 1895 1188 1936 solum
1220 1894 1387 1935 barbari

106 1965 197 1993 non
226 1965 345 1992 secus
383 1965 509 2005 quam
540 1951 752 1993 Achillem
790 1951 1048 1992 metuebant.
1114 1951 1246 2005 igitur
1275 1952 1388 2004 post-

109 2021 236 2062 quam
266 2007 391 2048 duces
413 2007 563 2049 Graeci
593 2008 639 2048 in
671 2007 842 2049 civitate
864 2008 1080 2062 conspecti
1111 2009 1223 2060 sunt,
1245 2006 1388 2047 cuncti

199 2146 219 2176 5
245 2148 343 2176 esset
367 2155 384 2176 e
409 2145 604 2176 coniectura
627 2145 767 2185 scripsi,
793 2144 870 2175 libri
895 2147 951 2176 est
1046 2145 1066 2175 6
1092 2153 1213 2175 curam
1240 2153 1300 2175 om.
1328 2141 1389 2173 ΕΒ

108 2188 313 2230 futurisque
347 2189 429 2223 adh.
470 2199 593 2221 curam
632 2189 869 2230 W⁷oplcen3iu8,
910 2189 1087 2220 rationem
1134 2197 1327 2228 curamque
1366 2187 1390 2218 f.

109 2234 192 2265 adh.
212 2235 434 2275 Dederichm,
454 2244 482 2268 r.
501 2236 731 2275 animumque
751 2234 774 2266 f.
793 2233 873 2265 adh.
894 2234 1166 2266 Hildebrandus:
1193 2243 1252 2264 nos
1269 2241 1390 2264 curam

109 2283 187 2311 ante
212 2280 463 2321 rationemque
488 2281 685 2311 inseruimus
763 2279 803 2311 18
828 2280 881 2310 uti
907 2279 943 2310 in
973 2279 1000 2310 G
1046 2279 1100 2309 uti
1127 2279 1223 2309 inter
1242 2276 1272 2307 B
1349 2278 1390 2307 ‘25

110 2323 286 2357 secedens
307 2324 334 2357 G
359 2323 535 2356 secedunt
561 2324 604 2356 B.
