1621 2550
469 100 616 135 BELLI
641 102 843 135 TROIANI
869 103 1027 137 L1ss.v.
1328 104 1381 146 93

107 204 154 244 ut
173 201 411 244 Palladium
431 201 512 242 sibi
531 199 736 242 traderet:
761 201 1001 242 habituram
1022 216 1206 256 namque
1227 218 1382 259 magna

26 258 41 294 ν’
105 258 195 300 eius
232 257 294 300 rei
331 257 531 312 praemia.
594 257 654 298 ita
691 258 880 311 perfecto
917 258 1092 312 negotio
1131 258 1183 298 ad
1213 263 1382 301 nostros

24 333 46 380 ζ
106 314 226 356 venit
254 313 405 368 hisque
434 313 691 367 promissum
722 314 857 366 offert,
888 327 1035 354 verum
1065 313 1108 354 id
1130 314 1280 356 Graeci
1313 317 1383 356 ob—

105 369 299 412 volutum
336 369 458 423 bene,
497 383 580 423 quo
611 383 665 410 ne
703 369 895 424 intellegi
921 383 945 410 a
976 383 1190 432 quoquam
1228 375 1382 424 posset,

23 429 39 470 Ξ
105 425 300 467 vehiculo
331 424 384 466 ad
423 425 610 466 tentoria
639 423 757 467 Ulixi
794 439 870 479 per
906 426 1164 466 necessarios
1195 425 1382 481 fidosque
1402 441 1417 465 5

27 498 38 504 ’·
104 495 204 524 suos
233 481 468 523 remittunt.
535 484 579 522 at
616 481 722 522 lucis
760 481 970 535 principio
1001 484 1228 535 postquam
1268 497 1385 524 sena-

103 540 174 579 tus
203 540 373 579 coactus
404 540 446 578 et
474 537 610 579 nostri
647 537 828 593 ingressi
859 540 977 591 sunt,
1015 538 1211 579 Antenor
1254 538 1385 580 veluti

104 593 367 635 iracundiam
385 593 645 635 Graecorum
665 596 859 635 metuens
888 593 1055 634 veniam
1084 608 1230 635 eorum
1252 608 1386 647 orare,

105 663 214 704 quae
245 649 465 691 adversum
505 664 572 691 eos
609 664 687 704 pro
726 650 864 703 patria
893 650 1078 691 exertius
1109 649 1384 691 disseruisset.

107 705 205 747 dein
226 704 395 747 Ulixes:
426 719 515 746 non
545 719 588 746 se
619 706 685 746 his
705 706 868 747 moveri
888 719 1026 759 neque
1057 705 1284 761 indignari,
1315 705 1388 747 sed
1407 720 1438 745 10

108 760 223 816 quod
259 761 356 802 finis
393 761 438 802 in
476 761 697 802 tractando
738 775 827 802 non
865 740 1174 802 adhiberetur?
1205 762 1386 803 maxime

106 831 201 858 cum
233 819 522 871 opportunum
543 816 595 858 ad
615 817 905 880 navigandum
934 820 1100 871 tempus
1131 817 1249 858 brevi
1270 832 1388 872 prae-

103 873 297 915 tervolet.
364 875 455 914 tum
494 873 628 915 multo
675 873 858 915 invicem
904 873 1050 915 habito
1096 888 1290 915 sermone
1336 873 1388 915 ad

47 931 49 933 ’
105 931 368 984 postremum
398 929 510 970 binis
540 929 712 971 milibus
741 929 1002 971 talentorum
1039 930 1131 970 auri
1169 932 1295 983 atque
1326 945 1389 971 ar-

137 985 226 1026 enti
263 1000 353 1026 rem
392 985 603 1027 decidunt.
672 985 786 1040 quod
831 985 893 1026 uti
941 985 992 1026 ad
1032 1000 1130 1027 suos
1168 986 1387 1038 referrent,
1408 999 1440 1025 15

106 998 260 1083 &raeci
280 1041 333 1082 ad
353 1055 483 1083 naves
504 1042 673 1083 abeunt.
714 1042 774 1083 ibi
802 1041 1021 1083 conductis
1043 1041 1217 1083 ducibus
1239 1045 1391 1083 cuncta

110 1097 224 1138 dicta
243 1100 446 1152 gestaque
468 1100 706 1152 exponunt:
737 1097 975 1139 Palladium
998 1097 1187 1139 ablatum
1207 1112 1283 1152 per
1303 1099 1390 1138 An-

110 1155 303 1194 tenorem
333 1152 497 1195 docent.
548 1153 646 1195 dein
668 1168 718 1194 ex
749 1154 939 1195 omnium
971 1154 1183 1195 sententia
1202 1153 1390 1208 reliquus

104 1209 226 1250 miles
256 1223 345 1250 rem
376 1210 607 1265 cognoscit.

220 1264 295 1307 IX
348 1244 454 1307 obe>
452 1280 559 1320 quae
596 1266 736 1320 placet
771 1266 980 1307 universis
1018 1266 1131 1307 mitti
1172 1265 1389 1307 Minervae
1409 1279 1441 1304 20

108 1321 267 1363 donum
297 1336 425 1376 quam
455 1321 844 1363 honoratissimum.
904 1325 996 1363 tum
1026 1322 1185 1363 accitus
1216 1321 1268 1363 ad
1299 1337 1391 1363 eam

107 1391 198 1419 rem
227 1376 418 1419 Helenus
449 1381 620 1432 cuncta,
661 1392 767 1432 quae
807 1377 915 1418 clam
945 1392 989 1419 se
1020 1380 1140 1433 gesta
1171 1380 1312 1431 erant,
1343 1392 1391 1419 ac

107 1434 142 1497 si
171 1447 371 1488 praesens
401 1434 617 1488 adfuisset,
650 1434 797 1476 ordine
829 1434 1006 1497 exponit
1020 1413 1233 1488 additque
1262 1434 1391 1475 finem

108 1489 195 1531 iam
215 1489 434 1532 advenisse
451 1490 731 1532 Troianarum
751 1504 912 1531 rerum:
935 1490 1092 1544 quippe
1109 1504 1193 1544 quo
1210 1490 1391 1531 maxime

109 1549 418 1588 sustentaretur
447 1561 612 1588 summa
633 1547 816 1588 civitatis
848 1547 950 1600 eius,
982 1545 1219 1587 Palladium
1247 1545 1390 1599 fuisse,
1411 1559 1443 1584 25

107 1616 193 1656 quo
234 1601 376 1644 ablato
415 1603 590 1644 exitium
629 1603 840 1658 ingruere.
902 1605 1087 1643 ceterum
1126 1602 1285 1644 donum
1315 1601 1393 1642 Mi-

109 1672 264 1699 nervae
285 1658 415 1700 fatale
436 1658 632 1700 Troianis
654 1673 756 1712 esse,
785 1673 938 1712 equum
969 1659 1088 1721 ligno
1112 1658 1394 1699 fabrefactum

109 1713 247 1756 forma
276 1714 454 1770 ingenti,
487 1715 605 1756 cuius
636 1714 930 1777 magnitudine
961 1729 1072 1755 muri
1110 1713 1302 1756 solvendi
1333 1728 1394 1755 es-

108 1773 221 1824 sent,
268 1769 485 1812 adnitente
532 1774 658 1825 atque
705 1770 954 1812 administro
993 1771 1226 1812 Antenore.
1295 1769 1394 1811 dein

108 1803 353 1868 reeo'rdatus
399 1831 620 1882 parentem
656 1827 874 1868 Priamum
920 1826 1194 1881 residuosque
1240 1826 1392 1867 fratres
1411 1838 1444 1864 30

108 1882 259 1924 fletum·
294 1883 382 1924 edit
416 1883 719 1937 miserabilem,
759 1885 1054 1925 consternatus
1093 1897 1169 1937 per
1204 1882 1394 1924 dolorem

110 1941 237 1992 atque
275 1939 594 1993 obstupefactus
640 1940 737 1981 ruit.
805 1942 896 1981 tum
934 1938 1123 1993 Pyrrhus
1170 1939 1392 1981 collectum

112 2008 209 2035 eum
246 1994 534 2050 refectumque
573 1996 705 2037 animi
744 1995 796 2037 ad
835 2010 878 2037 se
918 1995 1086 2037 deducit
1117 1995 1393 2049 custodesque

200 2119 249 2151 IX
277 2119 401 2152 Const.
428 2120 587 2156 Manass.
614 2120 642 2152 P
667 2122 710 2153 29

200 2234 222 2265 4
243 2234 531 2275 praepositionem
557 2244 577 2265 a
603 2244 666 2265 om.
687 2232 748 2265 ΕΒ
774 2234 854 2265 add.
887 2233 952 2265 VP
1041 2234 1079 2265 11
1109 2243 1178 2275 quo
1206 2232 1268 2265 GB
1301 2232 1393 2274 quod

119 2277 184 2309 VP
278 2279 319 2309 12
345 2277 513 2320 peruolet
540 2278 567 2310 G
591 2288 683 2313 corr.
709 2278 741 2309 B
860 2280 899 2310 17
926 2279 1026 2311 dicta
1062 2289 1122 2311 om.
1153 2277 1215 2311 GB
1239 2279 1334 2310 addit
1366 2278 1398 2308 P

113 2322 156 2354 25
181 2331 356 2355 summam
383 2324 410 2356 G
447 2333 584 2355 summa
611 2323 652 2355 Β.
