1621 2550
452 109 598 141 BELLI
622 107 821 140 TROIANI
847 108 938 140 LIB.
961 109 1026 140 111.
1321 111 1375 152 53

99 206 327 250 Hectorem
356 206 535 269 virginis
567 219 692 248 causa
720 206 812 247 iret.
864 205 1153 248 Heet01·v·e10
1183 208 1375 251 daturum

100 277 146 305 se
174 263 220 305 in
249 262 567 304 matrimonium
598 275 786 303 sororem
817 261 1001 315 mandat,
1033 263 1068 303 si
1099 263 1177 304 sibi
1209 265 1310 304 univ
1315 280 1375 305 er

99 333 191 360 sum
223 318 450 360 exercitum
481 318 690 372 proderet.

209 373 285 416 III,
344 373 457 415 Dein
487 373 677 414 Achilles
707 373 945 414 soluturum
982 388 1025 415 se
1061 388 1186 415 omne
1217 375 1375 416 bellum

97 444 174 484 pro
203 429 421 484 Polyxena
456 428 614 470 tradita
652 428 888 482 pollicetur.
952 432 1044 470 tum
1081 429 1260 471 Hector:
1302 434 1375 472 aut
1393 445 1409 470 5

97 484 384 540 proditionem
414 486 466 526 ab
497 499 546 526 eo
579 484 932 538 confirmandam,
963 488 1037 526 aut
1066 486 1176 526 filios
1197 485 1376 527 Plisthe-

97 541 165 583 nis
195 543 322 595 atque
352 541 526 582 Aiacem
556 540 892 582 interficiendos:
924 540 1027 582 alias
1058 540 1108 582 de
1138 541 1213 581 tali
1245 555 1373 595 nego-

97 597 160 638 tio
189 596 299 638 nihil
329 611 373 638 se
403 596 657 638 auditurum.
709 611 758 638 ea
787 596 859 637 ubi
889 596 1078 637 Achilles
1108 597 1282 650 accepit,
1314 598 1377 637 ira

98 653 289 694 concitus
309 652 537 694 exclamat:
568 666 631 704 se,
662 665 757 692 cum
778 652 963 705 primum
993 655 1159 705 tempus
1190 652 1375 693 bellandi

96 707 220 761 foret,
236 708 375 761 primo
390 707 554 761 proelio
576 707 941 761 interempturum.
979 707 1076 748 dein
1097 708 1228 748 animi
1248 709 1374 749 iacta·
1395 722 1427 746 10

96 763 214 805 tione
243 763 410 804 saucius
440 763 523 804 huc
552 765 679 816 atque
710 762 810 804 illuc
841 763 1043 804 oberrans
1073 763 1285 804 interdum
1315 767 1375 804 ta-

96 832 208 872 men,
239 822 448 873 quatenus
469 819 682 872 praesenti
703 819 876 873 negotio
906 819 1110 860 utendum
1142 822 1250 860 esset
1278 833 1376 860 con-

97 874 268 916 sultare.
328 876 373 915 at
409 875 482 915 ubi
519 889 615 916 eum
645 874 918 916 Automedon
956 875 1103 916 iactari
1142 875 1284 916 animo
1316 878 1377 916 at-

97 943 178 984 que
207 930 255 971 in
292 929 380 971 dies
417 930 553 985 magis
591 930 810 985 magisque
855 932 1046 971 aestuare
1084 930 1289 972 desiderio
1327 945 1374 972 ac

95 987 348 1040 pernoctare
387 988 506 1027 extra
542 987 728 1028 tentoria
763 986 1064 1027 animadvertit
1102 986 1282 1038 veritus,
1320 1000 1374 1027 ne
1394 999 1425 1024 15

97 1041 199 1095 quid
228 1041 450 1083 adversum
489 1056 532 1083 se
570 1045 644 1083 aut
680 1042 726 1083 in
763 1041 1026 1096 supradictos
1058 1056 1178 1097 reges
1208 1041 1375 1083 molire-

95 1100 185 1149 tur,
215 1096 413 1139 Patroclo
444 1100 570 1151 atque
601 1098 723 1139 Aiaci
761 1112 851 1138 rem
890 1100 1084 1139 cunctam
1123 1097 1280 1151 aperit:
1312 1097 1374 1138 111-

96 1166 177 1207 que
207 1152 472 1195 dissimulato
511 1153 624 1207 quod
662 1153 884 1195 audierant
923 1168 1018 1194 cum
1055 1167 1153 1208 rege
1192 1167 1374 1194 commo-

97 1211 259 1250 rantur.
326 1223 375 1250 ac
410 1208 521 1250 forte
569 1209 753 1263 quodam
797 1212 988 1263 tempore
1025 1209 1269 1250 recordatus
1308 1209 1373 1250 sui

96 1264 340 1306 convocatis
378 1266 417 1306 A
451 1279 703 1307 amemnone
749 1269 791 1306 et
835 1264 1029 1306 Menelao
1068 1264 1290 1327 negotium
1328 1267 1375 1305 ut
1393 1277 1425 1302 20

99 1322 268 1375 gestum
298 1323 389 1362 erat
437 1320 746 1375 esideriumque
776 1321 908 1362 animi
930 1321 1085 1374 aperit:
1117 1335 1142 1362 a
1162 1320 1256 1374 quis
1289 1334 1374 1361 0111-

95 1375 221 1417 nibus
271 1379 321 1418 ut
364 1376 478 1418 110110
524 1377 666 1418 animo
716 1379 861 1439 ageret
911 1375 1210 1430 respondetur,
1256 1376 1374 1416 brevi

96 1431 253 1494 quippe
284 1432 503 1474 dominum
541 1446 637 1474 eum
676 1432 767 1474 fore
799 1447 909 1485 01115,
948 1446 1075 1486 quam
1110 1431 1373 1486 deprecando

94 1501 185 1529 non
214 1487 517 1551 impetraverit.
588 1502 696 1542 quae
733 1502 800 1529 res
841 1503 889 1529 eo
921 1487 1076 1529 habere
1106 1487 1231 1528 fidem
1263 1486 1374 1527 vide-

95 1544 232 1597 batur,
263 1544 466 1597 quoniam
486 1544 571 1585 iam
591 1558 756 1585 summa
775 1557 916 1584 rerum
938 1543 1217 1585 Troianarum
1243 1557 1374 1597 prope
1392 1554 1425 1579 25

96 1612 290 1640 occasum
335 1602 428 1641 erat
473 1614 703 1654 omnesque
739 1600 867 1641 Asiae
912 1599 1104 1640 civitates
1159 1601 1374 1640 execratae

96 1654 328 1696 amicitiam
363 1654 673 1696 Priamidarum
712 1655 824 1696 ultro
854 1655 978 1696 1101115
1008 1655 1213 1695 auxilium
1243 1653 1374 1695 socie-

94 1713 311 1764 tatemque
348 1710 450 1751 belli
490 1711 735 1764 offerebant,
780 1710 876 1764 quis
912 1711 965 1752 ab
1003 1709 1179 1751 ducibus
1218 1709 1374 1751 nostris

95 1766 280 1821 benigne
309 1766 664 1820 respondebatur:
704 1767 806 1808 satis
836 1766 917 1808 sibi
962 1780 1050 1808 esse
1087 1765 1374 1829 praesentium

95 1822 314 1876 copiarum
350 1836 488 1876 neque
526 1822 779 1864 auxiliorum
810 1836 953 1877 egere:
993 1822 1221 1863 amicitiam
1261 1835 1373 1874 sane,
1392 1833 1426 1858 ³0

126 1891 223 1919 uam
244 1877 458 1931 offerrent,
488 1878 601 1920 ultro
623 1879 834 1932 suscipere
856 1878 1204 1941 voluntatemque
1229 1891 1375 1918 eorum

115 1946 189 1974 ore
217 1936 392 1996 gratam
428 1934 646 1976 omnibus:
694 1934 856 1975 scilicet
901 1934 1002 1988 quia
1038 1934 1151 1974 fluxa
1193 1932 1296 1974 fides
1334 1936 1376 1973 et

95 1988 228 2029 animi
257 2003 402 2030 earum
423 1990 602 2043 spectati
626 2003 765 2044 neque
795 1993 883 2031 tam
913 1990 1053 2031 subita
1073 1989 1252 2030 mutatio
1284 1988 1374 2029 sine

95 2043 194 2086 dolo
224 2044 484 2086 credebatur.

206 2099 281 2141 IV.
331 2099 506 2155 Iamque
537 2101 694 2142 exactis
724 2100 913 2142 hibernis
935 2102 1151 2143 mensibus
1181 2114 1254 2141 ver
1284 2113 1374 2140 coe·
1392 2109 1425 2135 ³5

94 2158 237 2210 perat,
279 2169 375 2197 cum
413 2156 515 2198 Grai
555 2156 691 2198 edicto
722 2157 860 2211 prius,
900 2159 963 2199 uti
1001 2157 1139 2198 omnis
1179 2155 1299 2197 miles
1331 2155 1374 2195 in

98 2211 227 2253 armis
247 2214 369 2266 esset,
399 2227 497 2254 mox
527 2213 652 2265 signo
673 2212 775 2254 belli
805 2212 918 2254 edito
940 2213 1169 2255 exercitum
1200 2212 1246 2253 in
1267 2225 1375 2253 cam·

186 2316 229 2348 10
252 2315 367 2358 primo
391 2316 530 2358 proelio
554 2325 615 2348 om.
643 2315 712 2347 PV
736 2317 848 2348 neseio
873 2327 917 2349 an
944 2321 1044 2349 recte.
