1621 2550
456 103 602 136 BELLI
626 102 825 135 TROIANI
851 103 942 135 LIB.
966 104 1032 137 111.
1330 105 1382 147 57

109 202 318 243 exercitus
347 201 505 243 cadunt
532 201 705 255 plurimi
741 215 879 255 neque
917 201 1090 243 fortuna
1120 202 1221 243 belli
1252 208 1385 245 muta-

109 263 190 299 tur.
241 255 322 299 sed
358 260 585 311 postquam
621 257 743 298 miles
787 271 864 310 per
900 257 1082 298 multum
1126 257 1235 298 diem
1272 259 1384 301 bello

108 313 299 354 intentus
323 312 464 375 magis
493 312 713 367 magisque
750 313 1011 367 fatigabatur
1047 316 1089 354 et
1125 313 1208 354 diei
1239 328 1386 367 vesper

108 370 218 422 erat,
249 368 437 422 utrisque
469 368 736 422 cupientibus
766 382 913 431 pugna
942 368 1170 410 decessum.

217 423 292 465 ΙΧ.
341 423 450 465 Tum
486 438 539 478 ap
542 423 597 464 ud
628 423 800 465 Troiam
839 424 949 465 circa
979 423 1234 478 Sarpedonis
1266 425 1383 466 cada·
1402 438 1418 461 5

107 493 181 520 ver
210 479 372 521 cunctis
410 479 663 521 deflentibus
700 494 748 520 ac
777 480 1002 533 praecipue
1038 480 1229 533 feminis,
1270 481 1385 522 luctu

107 538 234 589 atque
272 535 434 590 gemitu
472 536 615 577 omnia
654 535 867 589 completa
903 538 1020 588 sunt,
1062 536 1156 589 quis
1194 550 1282 576 non
1312 536 1385 576 alii

109 604 229 632 casus
273 591 552 643 acerbissimi,
608 591 659 632 de
712 591 886 632 interitu
932 591 1241 632 Priamidarum
1285 606 1385 654 prae

108 645 313 688 desiderio
344 647 434 688 eius
469 625 585 688 cor⁷di
615 647 870 688 insederant.
930 650 1098 688 tantum
1136 647 1181 688 in
1212 661 1261 688 eo
1293 647 1384 688 viro

106 702 363 756 praesidium
402 705 444 743 et
480 703 705 743 interfecto
736 717 830 765 spes
861 702 1001 743 ablata
1032 702 1291 743 credebatur.
1342 706 1386 744 at
1405 717 1436 739 1)

107 756 257 798 Graeci
287 757 332 798 in
362 761 499 798 castra
527 758 708 812 regressi
736 758 921 812 primum
953 758 1143 799 omnium
1172 758 1385 799 Achillem

107 813 298 854 revisunt
326 827 506 867 eumque
537 813 586 854 de
608 813 782 855 vulnere
807 814 1057 867 percontati,
1089 813 1162 854 ubi
1193 814 1284 854 sine
1315 814 1385 855 do-

106 868 196 910 lore
306 883 351 910 re
381 869 540 922 vident,
571 869 672 910 laeti
703 870 755 910 ad
784 872 1046 923 postremum
1075 883 1247 910 narrare
1279 870 1385 910 occi-

106 882 447 978 piuntaffiatrocli
483 925 596 966 facta
632 885 811 979 fortia,p
819 925 917 966 dein
947 925 1154 988 reliquos,
1193 925 1265 979 qui
1296 925 1386 966 vul-

106 981 244 1022 nerati
273 983 406 1034 erant,
437 995 512 1035 per
543 980 735 1022 ordinem
764 981 1046 1022 circumeunt:
1085 981 1146 1022 ita
1174 981 1436 1034 inspecta-15

106 1036 161 1077 tis
199 1036 395 1078 omnibus
448 1036 501 1078 ad
546 1037 733 1078 tentoria
785 1052 860 1078 sua
913 1037 1092 1091 quisque
1137 1036 1383 1091 digreditur.

106 1091 277 1133 interim
306 1092 496 1133 Achilles
526 1106 764 1147 regressum
786 1092 1031 1134 Patroclum
1063 1092 1265 1133 extollere
1298 1092 1384 1133 lau-

106 1147 252 1201 dibus,
289 1147 388 1188 dein
417 1162 610 1201 monere,
650 1149 713 1189 uti
755 1149 918 1202 reliquo
960 1162 1128 1202 quoque
1159 1147 1271 1189 bello
1302 1162 1386 1189 me-

106 1217 200 1245 mor
227 1217 382 1256 rerum,
413 1218 516 1258 quas
546 1207 746 1258 gesserat,
777 1203 971 1245 hostibus
1000 1203 1294 1244 vehementius
1324 1203 1386 1244 in-

106 1262 287 1314 grueret.
349 1237 430 1300 h⁷oc
459 1259 586 1301 modo
617 1274 704 1301 nox
734 1260 1008 1301 consumitur.
1060 1262 1104 1300 at
1133 1259 1241 1300 lucis
1271 1259 1386 1313 prin·
1404 1271 1438 1296 20

107 1315 217 1411 32¹3&
234 1315 1386 1425 szzzffiff⁰⁰53?10233312303333213333.⁶253?ss

106 1426 318 1467 vulnerati
349 1427 673 1481 convaluerant,
705 1442 823 1468 arma
853 1426 1047 1481 expedire
1079 1429 1121 1467 et
1150 1427 1384 1480 producere

105 1481 284 1523 militem
314 1482 463 1536 placet.

219 1537 270 1578 X.
328 1536 410 1580 Sed
447 1538 616 1579 barbari
652 1553 769 1580 more
805 1539 988 1592 pessimo
1034 1551 1111 1579 nec
1157 1538 1384 1600 quicquam
1403 1549 1436 1574 25

107 1593 414 1647 compositum,
452 1594 561 1635 nihil
599 1594 714 1635 aliud
759 1608 884 1648 quam
923 1595 1094 1635 turbata
1122 1596 1248 1647 atque
1288 1593 1387 1634 insi-

106 1648 225 1690 diosa
263 1649 480 1703 cupientes
534 1649 643 1691 clam
688 1652 815 1704 atque
866 1653 964 1690 ante
1018 1653 1184 1702 tempus
1230 1649 1386 1703 egressi

106 1704 316 1759 proelium
355 1708 643 1759 praevertere·
689 1708 876 1759 tuncque
916 1705 1037 1746 effusi
1082 1705 1230 1745 ruinae
1261 1704 1386 1746 modo

106 1760 334 1802 clamorem
363 1760 630 1802 inconditum
661 1761 787 1802 simul
827 1764 870 1802 et
906 1760 992 1802 tela
1028 1760 1074 1801 in
1111 1759 1255 1802 hostes
1286 1774 1383 1801 con-

106 1817 242 1858 iciunt
262 1831 489 1859 semermos
509 1817 637 1858 611311]
660 1819 751 1858 tum
774 1820 901 1871 atque
922 1816 1240 1870 incompositos.
1276 1816 1384 1857 caesi
1403 1828 1436 1852 30

106 1873 254 1935 itaque
284 1875 529 1915 nostrorum
567 1873 712 1927 multi,
756 1873 802 1914 in
840 1873 934 1927 quis
971 1871 1214 1914 Arcesilaus
1252 1871 1387 1913 Boeo-

106 1928 192 1970 tius
222 1931 265 1970 et
295 1927 499 1970 Schedius
528 1906 814 1971 Οτῖεεα60111111
843 1931 1021 1983 uterque
1052 1928 1177 1969 duces
1215 1927 1385 1990 optimi:

108 1987 293 2025 ceterum
330 1984 553 2026 vulnerata
600 1999 698 2038 pars
742 1985 946 2039 maxima,
986 1983 1130 2035 Meqes
1176 1983 1302 2024 etiam
1343 1987 1386 2024 et

197 2131 218 2163 8
243 2141 289 2163 ne
320 2131 492 2164 interitus
519 2130 661 2173 quidem
689 2131 720 2162 P
810 2133 830 2163 9
851 2132 936 2164 uiuo
963 2131 1146 2163 Obrechtus
1171 2134 1202 2162 ee
1228 2130 1388 2161 Andreas

107 2175 274 2207 Dacerius
380 2178 423 2209 30
448 2186 486 2208 se
519 2186 677 2208 emersos
705 2175 767 2208 GB
823 2177 1033 2208 semiermes
1058 2176 1091 2207 P
1121 2180 1267 2207 nostrum
1294 2174 1386 2206 Mer-

108 2230 206 2252 cerus
275 2222 315 2253 31
344 2220 574 2253 archesilaus
601 2220 663 2252 GB
741 2222 782 2252 32
808 2220 975 2253 scaedius
996 2220 1023 2253 G
1070 2220 1213 2252 scedius
1238 2219 1270 2250 B
1291 2218 1296 2258 Ι
1318 2222 1387 2250 tre-

108 2273 251 2296 seomm
278 2265 341 2298 GB
389 2275 594 2298 creseorum
619 2265 652 2297 Ρ
697 2265 944 2298 Crissaeorum
977 2265 1155 2297 Mercerus
1246 2266 1288 2296 33
1313 2273 1386 2295 mes

111 2308 174 2341 GB
220 2310 373 2342 Ameces
399 2311 430 2342 P
474 2311 601 2351 Meges
626 2311 708 2343 edic.
739 2311 857 2343 Venec.
882 2310 981 2342 1499.
