1621 2550
1337 144 1387 175 XI

216 231 387 286 Reliqui
416 245 519 272 num
550 231 631 285 ipsi
661 230 714 272 ad
751 229 865 272 hunc
895 230 1096 272 Latinum
1134 230 1297 273 fontem
1329 248 1390 274 as-

109 287 329 330 cenderint
366 301 511 328 nesc10
521 319 532 341 ,
570 286 769 328 videntur
805 290 950 328 tamen
996 287 1102 328 mihi
1145 301 1196 328 ex
1233 287 1391 329 Malala

105 343 248 398 potius
284 343 493 395 hausisse,
531 343 714 384 maxime
752 343 787 383 is
825 343 898 396 qui
944 343 1233 397 copiosissime
1280 343 1389 385 hanc

106 413 197 441 rem
232 399 432 441 tractavit
470 398 680 462 Georgius
716 397 948 440 cedrenus.
1017 398 1214 440 Ceterum
1250 400 1390 452 verba,

106 455 259 510 quibus
276 454 454 497 Malalas
475 455 641 496 utitur
630 469 675 496 in
696 454 747 495 iis
769 468 875 508 quae
897 468 947 495 ex
963 453 1115 508 Dictye
1133 455 1326 518 sumpsit,
1344 458 1392 496 ut

105 513 219 553 recte
239 511 408 553 monuit
422 510 669 552 Perizonius
690 510 716 551 l.
739 510 766 551 l.
784 509 866 551 XII
889 509 1098 552 nonnulla
1121 511 1392 564 reperiuntur

105 565 231 608 foeda
259 570 386 621 atque
416 566 614 620 barbara,
651 566 783 608 veluti
814 581 853 620 p.
891 566 970 607 119
1000 567 1214 609 δουλίδων
1249 568 1391 619 Κουβι-

105 624 359 677 κουλαρίων,
395 637 438 677 p.
474 622 551 663 126
581 623 825 674 πραιδεύειν
856 624 932 673 τὴν
962 623 1127 674 χώραν,
1159 637 1199 676 p.
1236 622 1312 663 127
1345 623 1391 665 ἐν

105 683 166 733 τῷ
197 678 288 732 ἰδίῳ
309 680 570 727 παπυλεῶνι,
600 692 641 732 p.
668 678 747 719 136
768 677 854 719 ἴδια
875 679 1064 729 μανδάτα
1095 681 1137 719 et
1158 677 1253 730 alia,
1285 692 1392 732 quae

104 733 292 787 vitasset,
323 734 358 775 si
389 733 598 775 Graecum
633 733 882 787 scriptorem
920 734 1124 787 temporis
1155 733 1389 775 Neroniani

106 789 232 831 modo
264 790 550 844 excerpsisset.

217 844 367 900 Neque
397 859 498 887 vero
529 845 758 900 Byzantini
788 845 868 886 soli
899 844 1050 899 Dictye
1080 846 1146 886 usi
1177 847 1288 898 sunt,
1320 845 1392 886 sed

69 940 74 944 .
106 901 236 943 etiam
263 901 336 943 alii
365 902 545 955 posthac
575 901 801 955 scriptores
822 915 963 942 rerum
994 904 1036 942 et
1064 903 1227 955 poetae.
1278 903 1391 943 Ante

106 971 254 999 omnes
268 957 349 999 hoc
370 957 464 999 loco
485 957 771 999 nominandus
792 960 855 998 est
871 956 1094 999 Benoitius
1112 957 1344 999 Mauranus
1358 958 1388 1013 ¹)

105 1014 151 1055 in
190 1013 524 1068 praeclarissimo
565 1028 691 1068 opere
728 1027 841 1054 nunc
879 1014 1065 1067 primum
1102 1013 1227 1068 plene
1258 1013 1391 1066 edito,

105 1069 157 1111 de
187 1084 272 1124 quo
293 1070 526 1111 novissimo
548 1072 740 1124 tempore
762 1069 975 1123 copiosius
1007 1070 1095 1124 egit
1115 1069 1390 1124 Dungerus2)

105 1140 146 1180 p.
177 1125 296 1167 37—
305 1125 374 1178 39,
407 1126 560 1180 quibus
591 1126 730 1189 ipse3)
755 1140 891 1179 pauca
920 1125 1060 1166 addidi
1090 1140 1130 1179 p.
1162 1125 1230 1179 26,
1260 1125 1326 1166 27.

217 1180 370 1236 Neque
399 1195 538 1236 negav
541 1196 645 1223 erlm
675 1182 803 1223 etiam
832 1181 1061 1236 Iosephum
1090 1182 1288 1223 Iscanum
1319 1181 1392 1235 qui

108 1251 279 1279 carmen
309 1237 359 1279 de
390 1237 502 1279 bello
524 1237 710 1279 Troiano
743 1240 921 1279 exeunte
953 1237 1120 1279 saeculo
1143 1237 1392 1279 duodecimo

109 1293 290 1347 scripsit,
312 1307 408 1335 cum
424 1294 579 1336 eximia
600 1294 839 1335 litterarum
856 1293 1145 1335 Romanarum
1166 1293 1393 1348 praecipue

107 1352 331 1403 poetarum
368 1350 545 1391 scientia
583 1350 825 1403 excelleret,
864 1349 1023 1404 Dictyn
1062 1352 1105 1390 et
1143 1349 1393 1405 cognovisse

108 1407 151 1446 et
194 1405 334 1460 ipsum
379 1405 545 1461 legisse.
615 1406 754 1447 Aliter
797 1408 938 1447 autem
984 1405 1257 1447 iudicandum
1303 1419 1392 1446 esse

107 1474 258 1503 censeo
290 1461 341 1503 de
361 1461 576 1503 Herborto
603 1461 890 1515 Fritzlarensi,
922 1463 995 1516 qui
1026 1462 1070 1502 in
1101 1462 1286 1503 carmine
1317 1475 1392 1502 suo

109 1517 207 1558 ‘liet
236 1531 322 1559 von
352 1517 514 1572 Troya'
554 1518 721 1572 saepius
751 1517 839 1559 Itin
871 1518 937 1558 vel
969 1517 1076 1559 Ytin
1106 1518 1134 1558 i.
1168 1532 1202 1558 e.
1234 1517 1394 1571 Dictyn

107 1572 272 1614 fontem
294 1588 416 1615 suum
439 1588 527 1615 esse
549 1573 780 1623 contendit,
813 1573 885 1615 sed
912 1573 954 1614 id
977 1573 1089 1627 quod
1110 1573 1394 1627 suspicionem

91 1629 424 1691 *movetiustam,
436 1629 830 1684 planeisdemlocis,
847 1630 1001 1692 quibus
1014 1629 1251 1682 Benoitius,
1268 1643 1394 1682 quem
1429 1669 1434 1673 .

107 1684 318 1739 sequitur,
357 1688 404 1726 ut
442 1685 715 1727 manifestum
753 1685 810 1726 sit
839 1685 967 1726 etiam
1005 1685 1109 1726 haec
1144 1699 1238 1726 eum
1271 1684 1394 1726 sicuti

107 1740 272 1795 reliqua
315 1755 366 1782 ex
402 1740 724 1797 Francogallico
769 1744 897 1795 poeta
942 1741 1189 1795 sumpsisse,
1234 1740 1394 1794 Dictyn

219 1903 246 1951 ¹¹)
270 1910 403 1943 Benoit
427 1910 470 1943 de
496 1910 627 1943 Sainte
651 1910 752 1943 More
778 1914 815 1943 et
838 1911 873 1943 le
900 1921 1025 1943 roman
1050 1910 1093 1943 de
1121 1911 1242 1950 Troie‚
1269 1920 1314 1942 ou
1339 1909 1393 1942 les

109 1955 420 1998 metamorphoses
459 1954 657 1988 d'Homere
699 1960 736 1988 et
775 1956 819 1988 de
857 1954 1023 2008 lze'popee
1062 1953 1310 1996 greco-latine
1348 1965 1395 1986 au

108 2009 248 2085 moye1²¹)
259 2000 470 2077 &fiagrffilrnss
476 2000 646 2088 ’15131ζεί
662 2000 745 2078 {pil}
756 2000 1051 2087 Salgaerlxsrotlrigzssoj
1058 2002 1234 2077 giiischen
1259 2044 1346 2076 Krie
1351 2054 1395 2086 ge

108 2089 148 2120 in
186 2088 257 2121 den
297 2089 596 2133 Bearbeitungen
636 2089 699 2122 des
734 2089 971 2123 Mittelalters
1011 2090 1083 2122 und
1125 2090 1202 2122 ihre
1241 2089 1394 2121 antiken

109 2133 285 2187 Quellen.
339 2134 523 2176 Dresden,
566 2136 663 2170 1869.
725 2136 936 2177 Programm
976 2135 1040 2168 des
1081 2134 1392 2167 Vitzthum'schen

111 2178 487 2266 Gymngsipgffinand
511 2225 674 2265 Meister,
699 2225 788 2257 iiber
812 2225 929 2258 Dares
954 2235 1025 2257 von
1044 2225 1241 2267 Phrygien,
1267 2223 1310 2255 de
1337 2234 1396 2255 ex-

110 2268 206 2301 cidio
229 2269 374 2302 Troiae.
415 2270 584 2311 Breslau,
612 2271 709 2304 1871.
751 2270 961 2312 Programm
987 2270 1050 2302 des
1068 2269 1324 2312 Gymnasiums
1352 2277 1395 2299 zu

109 2312 162 2345 St.
186 2313 305 2346 Max-Ia
330 2314 567 2357 Magdalena.
