1621 2550
240 85 297 127 94
647 85 823 119 DICTYS
850 85 1117 118 CRETENSIS

240 185 358 227 addit
385 185 557 239 veritus,
588 199 643 226 ne
674 199 758 239 qua
786 198 863 238 per
892 198 988 225 eum
1018 184 1232 238 hostibus,
1265 199 1372 239 quae
1403 187 1523 240 gesta

241 243 374 295 erant,
403 242 667 295 patefierent.
719 239 833 294 quod
862 240 935 281 ubi
954 240 1144 282 Helenus
1174 241 1397 294 persensit,
1419 241 1521 295 Pyr-

240 297 378 361 rhum,
409 298 473 338 uti
494 297 655 338 bonum
676 297 864 338 animum
885 300 1062 351 gereret,
1088 297 1297 351 hortatur,
1328 311 1524 338 securum

241 354 307 396 sui
337 355 700 407 secretorumque:
740 367 925 407 namque
964 367 1008 394 se
1054 367 1150 394 cum
1189 368 1238 395 eo
1270 353 1398 394 etiam
1427 355 1526 407 post

206 422 221 448 5
240 409 402 464 patriae
442 409 652 450 excidium
697 409 842 450 multis
886 409 1210 463 tempestatibus
1254 409 1300 450 in
1347 408 1526 450 Graecia

241 468 517 507 moraturum.
568 465 711 519 itaque
742 467 789 505 ut
816 464 983 506 Heleno
1013 464 1242 518 placuerat,
1273 465 1410 506 multa
1438 479 1525 505 ma-

240 521 380 575 teries,
413 536 521 576 quae
552 524 651 575 apta
680 520 924 562 huiusmodi
963 520 1148 562 fabricae
1178 521 1420 575 videbatur,
1449 535 1528 575 per

239 555 398 632 Epium
428 580 555 631 atquc
585 577 761 618 Aiacem
793 576 903 618 Oilei
934 577 1121 618 advecta.

353 633 405 674 X.
455 633 634 675 Interim
662 634 899 674 firmatores
937 635 1087 687 pactae
1124 633 1240 687 pacis
1271 632 1325 673 ad
1353 631 1524 674 Troiam

192 702 224 727 ιο
243 692 345 731 eunt
382 689 526 731 decem
571 689 670 730 lecti
709 689 852 743 duces,
899 688 1125 731 Diomedes
1170 688 1317 731 Ulixes
1361 688 1526 730 Idome-

241 760 346 787 neus
405 746 515 786 Aiax
576 745 849 787 Telamonius
903 745 1061 787 Nestor
1121 744 1334 787 Meriones
1386 745 1527 786 Thoas

241 802 483 843 Philocteta
519 801 828 856 Neoptolemus
866 804 992 856 atque
1022 801 1237 843 Eumelus.
1308 815 1414 856 quos
1451 801 1526 842 ubi

241 859 288 899 in
324 858 418 900 foro
458 858 793 899 animadvertere
831 858 1077 912 populares,
1116 858 1217 899 laeti
1252 858 1418 898 animos
1447 857 1527 898 tol-

242 915 339 955 lunt
367 915 497 955 finem
526 914 610 955 iam
641 928 940 955 aerumnarum
969 915 1198 955 credentes.
1267 914 1411 967 itaque
1443 912 1527 954 sin-

193 982 224 1007 15
244 971 335 1026 guli
364 970 520 1024 plures,
552 970 615 1011 uti
645 970 823 1024 quisque
856 973 1107 1022 occurrerat,
1140 970 1326 1025 benigne
1357 969 1526 1022 adeunt,

243 1026 432 1068 salutant
461 1026 724 1081 gratulantes
755 1029 882 1081 atque
914 1027 1225 1068 exosculantur.
1285 1028 1378 1067 tum
1411 1025 1528 1067 Pria-

243 1098 336 1124 mus
366 1097 444 1137 pro
482 1082 648 1124 Heleno
689 1097 808 1124 orare
840 1082 1023 1124 Graecos
1060 1082 1290 1136 multisque
1327 1081 1529 1123 adhibitis

243 1139 440 1193 precibus
472 1139 767 1180 commendare
798 1139 1064 1180 carissimum
1095 1139 1176 1180 sibi
1207 1142 1249 1179 et
1279 1138 1391 1179 inter
1421 1141 1529 1179 cete-

245 1210 315 1237 ros
348 1195 549 1236 dilectum
586 1195 723 1250 magis
761 1198 937 1249 propter
977 1195 1259 1249 prudentiam.
1321 1194 1419 1235 dein
1454 1194 1529 1235 ubi

195 1255 414 1305 20tempus
452 1252 590 1292 visum
628 1255 710 1305 est,
750 1252 995 1292 convivium
1037 1251 1205 1314 publice
1247 1254 1444 1305 coeptum
1483 1250 1529 1290 in

243 1308 452 1349 honorem
491 1307 645 1349 ducum
683 1307 950 1361 adscitaeque
989 1308 1105 1361 pacis
1144 1308 1363 1348 Antenore
1395 1306 1531 1347 deser-

244 1365 388 1405 viente
420 1364 593 1405 Graecis
624 1365 751 1418 atque
783 1364 901 1405 omni
930 1363 1056 1405 modo
1087 1363 1273 1426 benigne
1304 1362 1530 1404 exhibente

244 1423 408 1462 cuncta.
471 1422 515 1461 at
551 1419 658 1461 lucis
697 1420 822 1461 initio
861 1434 982 1461 senes
1023 1434 1168 1461 omnes
1198 1434 1245 1460 111
1275 1419 1421 1460 aedem
1451 1417 1530 1459 Mi-

243 1491 400 1518 nervae
431 1476 706 1530 conveniunt,
736 1476 782 1517 in
813 1477 906 1531 quis
937 1477 1134 1518 Antenor
1162 1475 1295 1517 refert
1323 1475 1474 1516 missos
1506 1489 1531 1516 a

193 1544 225 1569 25
246 1532 419 1574 Graecis
449 1547 576 1596 super
612 1532 933 1574 condicionibus
969 1532 1207 1587 praedictae
1237 1532 1356 1586 pacis
1386 1531 1531 1572 decem

243 1590 409 1644 legatos
439 1589 565 1631 viros.
626 1603 732 1643 quos
770 1589 844 1630 ubi
884 1588 1033 1631 deduci
1069 1589 1115 1630 in
1145 1591 1339 1630 senatum
1368 1587 1531 1642 placuit

245 1648 288 1687 et
317 1646 487 1687 dextrae
527 1645 712 1686 invicem
749 1645 871 1687 datae
912 1648 1039 1699 atque
1070 1648 1266 1708 acceptae
1297 1646 1416 1697 sunt,
1448 1646 1530 1685 sta-

243 1704 374 1744 tuunt
402 1702 514 1742 inter
544 1716 600 1754 se,
632 1702 695 1743 uti
725 1702 920 1755 proximo
960 1702 1026 1742 die
1054 1716 1197 1764 campi
1232 1700 1371 1742 medio
1403 1702 1531 1754 atque

245 1759 291 1799 in
329 1772 401 1800 ore
440 1758 632 1799 omnium
669 1772 762 1799 aras
801 1760 1009 1811 statuant,
1049 1773 1094 1798 111
1127 1757 1220 1812 quis
1258 1756 1384 1798 fidem
1415 1756 1532 1810 pacis

194 1825 227 1850 30
246 1814 519 1855 iurisiurandi
564 1813 844 1869 religionibus
890 1815 1121 1855 firmarent.
1191 1813 1284 1868 quis
1330 1812 1531 1867 perfectis

246 1870 475 1912 Diomedes
514 1873 640 1925 atque
673 1869 820 1912 Ulixes
858 1871 998 1912 iurare
1038 1870 1255 1924 occipiunt
1284 1883 1532 1923 permansu-

245 1942 315 1968 ros
346 1941 389 1968 se
418 1927 466 1968 in
497 1941 567 1981 eo,
607 1926 720 1981 quod
759 1927 838 1968 sibi
869 1941 965 1968 cum
995 1928 1216 1968 Antenore
1249 1925 1530 1978 convenisset,

245 1987 458 2038 testesque
496 1983 542 2024 in
580 1997 671 2024 eam
711 1998 799 2024 rem
839 1983 986 2025 Iovem
1023 1997 1235 2024 summum
1273 1981 1531 2035 Terramque

337 2178 356 2208 9
388 2176 530 2208 firmata
567 2186 624 2208 res
663 2176 724 2209 GB
785 2176 986 2208 firmatorcs
1023 2177 1055 2207 P
1164 2177 1204 2207 15
1243 2174 1411 2216 pluresue
1448 2174 1530 2207 edit.

253 2222 371 2256 Venet.
399 2224 486 2253 1499
582 2223 622 2252 16
655 2225 763 2262 atque
791 2221 1022 2263 gratulantes
1055 2221 1238 2254 DIercerus
1339 2221 1382 2251 20
1407 2221 1443 2250 in
1470 2218 1531 2251 ho-

247 2277 371 2299 norem
406 2272 441 2298 uc
486 2267 686 2309 Vindinyias
723 2271 906 2307 optauerat
943 2267 993 2307 P,
1041 2267 1164 2308 reliqui
1205 2265 1284 2298 libri
1319 2265 1356 2296 in
1394 2263 1530 2296 honore

246 2312 289 2344 28
320 2311 357 2343 in
383 2311 499 2344 medio
526 2313 566 2344 P.
