1621 2550
446 100 596 134 finum
619 99 821 133 'monim
844 99 937 155 nm.
960 99 1027 133 111.
1327 99 1382 141 69

103 214 243 255 neque
279 200 497 254 cuiquam,
535 212 631 240 cum
661 197 802 239 orbari
841 211 884 238 se
914 197 1002 239 filio
1040 197 1178 238 aliove
1209 212 1383 241 consan-

105 257 262 312 guineo
293 260 496 308 cerneret,
526 267 616 295 non
636 256 853 307 acceptam
883 256 1040 306 tamen,
1071 253 1160 294 solo
1192 255 1383 296 omnium

105 311 354 354 adversante
383 311 627 362 Antenore,
667 309 740 363 qui
770 308 893 350 initio
932 312 1029 362 post
1059 309 1290 350 Alexandri
1321 324 1383 350 re-

105 367 240 409 ditum
269 366 405 407 filium
444 380 567 406 suum
598 363 827 418 Glaucum,
866 364 978 418 quod
1015 365 1104 405 eius
1134 365 1383 406 comitatum

103 425 307 477 sequutus
338 424 447 472 erat,
487 420 768 462 abdicandum
805 434 829 461 a
858 420 1083 474 penatibus
1121 421 1206 461 suis
1246 421 1382 462 decre·
1401 432 1418 457 5

105 478 234 532 verit,
272 478 338 519 vir
374 477 489 519 domi
527 477 723 530 belloque
762 475 1128 530 prudentissimus.
1197 479 1383 517 ceterum

104 534 206 588 sibi,
237 533 439 588 quoniam
469 533 529 574 ita
566 547 633 574 res
663 534 854 583 ruerent,
893 531 1205 585 optatissimum
1235 532 1384 586 adpro-

103 590 312 644 pinquare
340 591 518 631 naturae
547 589 676 629 finem
707 588 873 629 omissis
911 588 995 628 iam
1025 587 1146 643 regni
1177 587 1384 642 guberna-

103 645 209 687 culis
243 648 370 699 atque
401 658 520 686 cura:
550 646 717 685 tantum
749 657 793 684 se
824 644 869 683 in
889 642 1088 684 Hecubae
1118 643 1384 697 filiarumque

103 700 396 742 recordatione
433 699 630 751 cruciari,
677 713 782 752 quas
826 701 925 752 post
968 698 1177 740 excidium
1221 699 1384 752 patriae
1404 709 1435 733 10

103 756 292 810 captivas
321 756 531 797 incertum
561 755 679 796 cuius
710 754 871 796 domini
902 754 1036 796 fastus
1066 758 1296 795 manerent..

216 810 398 853 XXVII.
467 809 579 851 Dein
624 811 787 863 omnia,
833 824 941 864 quae
990 810 1042 850 ad
1091 809 1383 852 redimendum

101 866 239 909 filium
268 866 574 920 advectaverat‚
605 869 704 907 ante
735 869 1010 919 conspectum
1039 866 1205 907 iuvenis
1227 866 1382 920 exponi

102 923 303 977 imperat:
335 937 386 964 ex
423 922 517 976 quis
562 921 763 976 quicquid
807 922 899 963 auri
938 925 1065 976 atque
1095 922 1262 977 argenti
1301 921 1384 963 fuit

102 978 198 1020 tolli
228 979 418 1020 Achilles
449 978 579 1031 iubet,
610 978 738 1018 vestis
769 978 898 1019 etiam
918 977 1031 1031 quod
1062 977 1100 1019 ei
1131 978 1268 1018 visum
1300 981 1382 1018 est:
1403 987 1435 1012 15

102 1034 278 1088 reliquis
318 1035 363 1075 in
403 1048 535 1076 unum
575 1033 762 1074 collectis
793 1033 1056 1087 Polyxenam
1087 1032 1218 1074 donat
1248 1036 1291 1074 et
1320 1047 1385 1074 ca-

104 1089 232 1131 daver
267 1089 454 1131 tradidit.
514 1103 598 1143 quo
637 1091 807 1142 recepto
846 1103 919 1130 rex
958 1089 1003 1129 in
1041 1089 1279 1144 gratiamne
1310 1089 1386 1129 im-

101 1145 259 1200 petrati
288 1145 451 1187 funeris
488 1159 543 1186 an
581 1145 616 1186 si
648 1145 750 1199 quid
780 1144 932 1186 Troiae
969 1144 1177 1186 accideret
1214 1158 1385 1186 securus

102 1202 189 1242 iam
216 1201 342 1254 filiae,
373 1202 592 1256 amplexus
612 1200 793 1242 Achillis
825 1214 964 1255 genua
986 1203 1092 1254 orat,
1122 1201 1185 1242 uti
1208 1200 1385 1254 Polyxe-

102 1271 203 1298 nam
234 1257 436 1311 suscipiat
473 1257 637 1310 sibique
675 1256 849 1298 habeat:
894 1270 1021 1310 super
1050 1271 1177 1310 quam
1215 1256 1381 1297 iuvenis
1401 1265 1434 1290 20

103 1312 219 1354 aliud
256 1315 424 1367 tempus
463 1316 589 1366 atque
620 1312 751 1353 alium
780 1312 922 1354 locum
950 1315 1262 1366 tractatumque
1292 1311 1384 1353 fore

102 1367 343 1422 respondit,
382 1369 554 1410 interim
591 1381 688 1409 cum
718 1382 768 1409 eo
805 1368 960 1409 reverti
990 1368 1120 1409 iubet.
1180 1368 1239 1409 ita
1269 1367 1385 1408 Pria-

103 1437 198 1465 mus
229 1428 398 1479 recepto
429 1423 628 1466 Hectoris
659 1423 861 1465 cadavere
899 1438 1157 1477 ascensoque
1188 1423 1384 1464 vehiculo

104 1493 201 1521 cum
230 1479 317 1534 his,
349 1481 422 1535 qui
452 1494 496 1522 se
528 1480 720 1522 comitati
751 1483 890 1533 erant,
922 1479 974 1521 ad
1004 1479 1175 1521 Troiam
1206 1479 1327 1521 redit.

446 1714 655 1763 LIBER
691 1714 1033 1773 QUARTUS.

214 1845 248 1888 I.
308 1845 391 1888 Sed
434 1849 662 1901 postquam
707 1846 903 1888 Troianis
949 1846 1091 1901 palam
1135 1849 1197 1888 est
1241 1859 1384 1900 regem
1403 1856 1436 1882 25

103 1901 292 1956 perfecto
322 1902 499 1957 negotio
534 1902 790 1944 inviolatum
823 1906 950 1957 atque
980 1902 1150 1958 integro
1182 1903 1385 1943 comitatu

104 1957 292 2013 regredi,
330 1958 541 1999 ammirati
588 1958 894 2014 laudantesque
932 1958 1136 2000 Graeciae
1182 1959 1386 2012 pietatem

193 2071 346 2104 XXVII.
373 2070 501 2103 Malal.
530 2072 593 2104 159
619 2072 699 2105 init.
727 2070 879 2104 Cedren.
905 2072 934 2104 P
961 2073 1036 2107 128.

193 2115 323 2149 1—111.
349 2115 474 2148 Malal.
503 2117 676 2149 159—161
705 2115 858 2151 Cedren.
882 2117 911 2148 P
939 2118 1012 2151 128.

194 2217 234 2248 11
261 2217 321 2248 cui
347 2215 376 2248 G
396 2215 401 2256 Ι
424 2215 656 2249 fastunerent
682 2216 710 2248 G
757 2216 892 2249 fastum
924 2217 1148 2249 sustinerent
1174 2216 1207 2248 B
1239 2220 1386 2248 nostrum

101 2259 199 2336 εθᾱὲἰί.
213 2265 342 2348 (ἕξ),
383 2261 425 2294 13
443 2260 710 2294 adnectauerat
736 2261 764 2293 G
810 2261 1073 2294 aduectauerat
1095 2260 1129 2292 B
1210 2262 1253 2293 20
1278 2270 1386 2303 quam
