1621 2550
421 112 567 146 BELLI
591 111 790 145 TROIANI
814 112 904 145 LIB.
930 113 956 145 Ι.
1283 115 1330 155 11

51 213 212 256 troclus
256 213 298 253 et
342 210 554 263 Phoenix,
608 211 715 252 alter
766 213 941 265 propter
989 212 1332 253 coniunctionem

53 268 283 320 amicitiae,
322 266 430 308 alter
460 270 600 308 custos
638 270 765 321 atque
803 270 942 308 rector
980 268 1082 308 eius.
1142 267 1334 321 Tlepole-

54 338 148 366 mus
178 323 276 365 dein
306 322 523 364 Herculis:
563 337 657 364 eum
689 323 867 364 insecuti
899 325 998 364 sunt
1027 322 1153 364 Phidi
1186 337 1263 377 pus
1294 326 1334 364 et

52 378 288 434 Antiphus,
334 378 522 433 insignes
560 392 774 420 armorum
811 379 970 432 specie,
1017 393 1096 420 avo
1183 378 1333 430 ercule,

0 434 2 437 ’
51 439 151 490 post
198 449 269 476 eos
312 433 571 476 Protesilaus
617 434 770 488 Iphicli
819 448 915 475 cum
960 434 1147 476 Podarce
1192 435 1334 476 fratre.
1354 450 1369 475 5

53 490 190 533 adfuit
229 493 272 532 et
307 489 510 532 Eumelus
549 490 784 542 Pheraeus,
823 490 940 532 cuius
978 493 1099 544 pater
1128 490 1335 532 Admetus

53 546 267 602 quondam
297 546 455 588 vicaria
484 549 619 587 morte
649 546 775 588 coniu
808 546 842 587 is
872 546 962 587 fata
990 546 1164 600 propria
1193 549 1336 600 protu-

53 603 179 656 lerat,
209 601 448 644 Podalirius
479 605 520 643 et
551 601 761 643 Machaon
829 602 1048 655 riccenses,
1082 602 1334 655 Aesculapio

0 663 1 702 ᾧ
54 659 202 715 geniti,
233 657 381 699 adsciti
411 657 462 699 ad
493 657 535 698 id
566 657 723 698 bellum
755 657 809 698 ob
840 658 1071 699 sollertiam
1103 657 1335 699 medicinae

0 718 1 740 ;
53 714 176 757 artis:
208 713 306 754 dein
335 712 535 754 Poeantis
566 712 826 766 Philocteta,
867 713 940 767 qui
971 727 1110 754 comes
1140 712 1335 754 Herculis
1357 728 1387 752 m

53 772 152 825 post
189 768 418 810 discessum
457 768 545 810 eius
584 768 637 810 acl
677 768 776 810 deos
815 769 991 824 sagittas
1022 768 1186 810 divinas
1219 768 1337 810 indu-

55 825 182 868 striae
213 824 448 879 praemium
479 827 729 866 consecutus
761 827 844 876 est,
874 824 1029 866 Nireus
1060 824 1255 878 pulcher,
1287 838 1337 865 ex

52 881 235 927 Athenis
273 879 546 922 Menestheus
585 883 626 922 et
664 881 773 921 Aiax
814 880 924 922 Oilei
963 894 1013 922 ex
1050 880 1247 934 Locride,
1288 895 1337 921 ex

55 937 185 992 Argis
206 935 518 990 Amphilochus
549 939 590 978 et
612 935 851 990 Sthenelus,
874 936 1124 990 Amphiarai
1159 935 1338 990 Amphi-

54 993 223 1046 lochus,
256 992 442 1047 Capanei
484 992 611 1046 alter,
651 1006 745 1034 cum
784 992 850 1033 his
891 991 1101 1047 Euryalus
1132 991 1337 1045 Mecistei,
1359 1006 1389 1031 15

55 1049 154 1091 dein
184 1063 234 1090 ex
255 1048 425 1090 Aetolia
446 1048 736 1090 Thessandrus
758 1048 986 1102 Polynicis,
1017 1048 1221 1102 postremi
1252 1062 1339 1090 om—

53 1105 174 1147 nium
204 1104 491 1159 Demophoon
528 1107 654 1159 atque
693 1105 886 1146 Acamas.
956 1103 1073 1145 fuere
1116 1104 1257 1145 cuncti
1288 1118 1339 1144 ex

55 1161 221 1217 origine
251 1160 434 1215 Pelopis.
495 1160 568 1202 sed
605 1174 696 1214 eos,
736 1175 842 1215 quos
876 1160 1217 1213 memoravimus,
1248 1159 1339 1214 plu-

53 1231 120 1259 res
150 1217 223 1258 alii
243 1231 295 1258 ex
324 1217 411 1259 suis
433 1217 611 1271 quisque
642 1216 901 1272 regionibus,
932 1216 1088 1270 partim
1109 1230 1159 1257 ex
1190 1229 1339 1271 regum

55 1273 293 1326 comitibus,
324 1272 396 1314 alii
427 1273 560 1328 ipsius
599 1273 721 1328 regni
751 1273 978 1327 participes
1017 1272 1197 1313 insecuti
1228 1274 1338 1322 sunt,
1359 1286 1390 1310 20

56 1343 235 1384 quorum
266 1328 442 1370 nomina
472 1329 722 1384 singillatim
754 1342 965 1383 exponere
1007 1328 1121 1369 haud
1151 1341 1339 1369 necessa-

54 1385 165 1427 rium
196 1384 333 1426 visum
363 1387 438 1428 est.

169 1439 263 1481 XV.
314 1439 452 1495 Igitur
481 1440 555 1481 ubi
595 1454 740 1482 omnes
771 1441 911 1495 Argos
950 1453 1207 1492 convenere,
1239 1438 1340 1480 Dio-

56 1496 198 1538 medes
227 1496 414 1550 hospitio
453 1500 627 1539 cunctos
658 1496 828 1550 recipit,
872 1495 1192 1549 necessariaque
1223 1508 1340 1549 prae-

56 1553 141 1594 bet.
191 1551 289 1593 dein
310 1554 609 1607 Agamemnon
640 1551 799 1607 grande
830 1551 922 1592 auri
951 1550 1118 1605 pondus
1149 1550 1339 1605 Mycenis
1359 1563 1392 1589 25

57 1607 327 1662 adportatum
349 1622 425 1662 per
454 1608 520 1649 sin
554 1608 645 1650 ulos
676 1608 928 1662 dispertiens
949 1606 1232 1661 promptiores
1254 1606 1341 1647 ani-

57 1677 151 1706 mos
181 1663 371 1705 omnium
403 1663 456 1705 ad
475 1664 647 1716 belum,
679 1663 798 1717 quod,
813 1664 1054 1716 parabatur,
1084 1661 1200 1703 facit.
1250 1664 1341 1702 tum

58 1719 274 1762 communi
305 1719 484 1761 consilio
515 1733 640 1773 super
678 1719 923 1760 conditione
954 1717 1105 1772 proelii
1136 1717 1343 1758 iusiuran-

59 1775 160 1817 dum
189 1775 405 1829 interponi
435 1775 518 1817 hoc
548 1775 673 1817 modo
711 1775 882 1829 placuit.
944 1773 1135 1827 Calchas,
1167 1773 1342 1815 Thesto—

57 1831 117 1873 ris
156 1830 288 1884 filius,
334 1831 548 1886 praescius
586 1831 848 1884 futurorum,
887 1844 1065 1884 porcum
1102 1843 1260 1870 marem
1299 1829 1343 1869 in
1362 1842 1393 1867 30

58 1887 200 1929 forum
237 1884 423 1928 medium
459 1887 616 1929 adferri
655 1887 791 1941 iubet,
831 1900 956 1941 quem
994 1886 1040 1927 in
1070 1885 1172 1927 duas
1203 1887 1343 1940 partes

150 2013 171 2045 2
189 2012 424 2055 tleptolemus
441 2009 485 2044 Ε2
553 2013 573 2044 5
592 2011 734 2054 siphicli
750 2011 812 2044 ΕΒ
881 2011 901 2043 6
919 2011 1042 2043 ferens
1064 2010 1125 2043 ΕΒ
1196 2010 1215 2041 7
1233 2019 1344 2051 quan-

62 2057 143 2090 dam
171 2056 212 2090 Ει
282 2057 302 2089 8
327 2057 505 2089 tricenses
533 2056 594 2089 ΕΒ
668 2058 708 2089 10
732 2057 958 2098 Deippoanti
984 2055 1046 2088 ΕΒ
1118 2056 1157 2086 11
1184 2053 1264 2086 adis
1283 2052 1344 2086 ΕΒ

61 2102 174 2135 adeos
199 2103 231 2134 A
291 2101 338 2133 ad
371 2099 475 2135 deos.
516 2103 607 2143 quod
642 2101 763 2133 habent
801 2102 1018 2142 Vimfinqius,
1055 2100 1179 2132 Tollius
1210 2100 1344 2140 aliique,

61 2152 112 2179 esc
134 2148 169 2178 in
193 2147 225 2178 P
296 2148 335 2179 13
362 2156 406 2178 ex
431 2145 523 2185 (ante
547 2146 667 2187 Argis)
692 2156 753 2178 om.
779 2145 850 2178 GB.
924 2147 965 2177 14
990 2148 1026 2177 et
1052 2143 1246 2176 Sthenelus
1263 2144 1344 2174 Am-

61 2191 207 2234 phiarai
235 2190 494 2233 Amphilochus
527 2201 586 2223 om.
623 2190 684 2223 ΕΒ
736 2191 836 2223 habet
866 2191 898 2221 P
1005 2191 1045 2221 15
1083 2188 1240 2230 cappani
1284 2186 1345 2219 ΕΒ

63 2235 261 2313 ῗξτγρξῐιιε
295 2234 545 2312 Ερὲιιτὶρίιίιὸιε
569 2235 601 2311 {3
634 2235 897 2313 ·E³(‘;r1⁹⁰1“⁸2{d'
919 2235 1030 2311 fir-inc.
1056 2231 1347 2311 θηὲηεεᾞῖίὃεθῗ)

62 2290 306 2358 „affl-gagg>
332 2289 722 2365 'Thestorisplllrhsonfi
748 2288 1035 2357 Mercer23.ena⁸
1166 2288 1184 2310 c
