1621 2550
1307 122 1392 152 xm

218 207 259 250 V
297 206 399 249 God.
438 205 789 248 Vratislaviensis
829 205 891 247 IV
932 205 966 254 Q
1011 207 1064 248 47
1111 207 1393 252 bibliothecae

106 263 395 306 universitatis
440 261 680 304 litterarum
725 276 832 303 saec.
879 261 985 303 XIII
1023 263 1209 317 mutilus,
1249 265 1395 307 insunt

107 322 249 362 autem
278 319 384 360 haec
414 333 455 372 p.
492 319 562 371 19,
599 317 649 359 18
687 318 813 372 primi
843 342 898 348 —
928 333 968 372 p.
1000 319 1076 372 51,
1111 319 1162 360 14
1199 321 1394 362 mandata

107 375 250 428 efficit,
283 389 324 429 p.
359 375 423 427 70,
454 374 509 414 22
539 373 798 428 reliquisque
829 399 883 404 —
913 388 952 427 p.
983 374 1057 427 93,
1103 375 1154 416 16
1184 376 1235 416 ad
1266 391 1394 418 naves

105 430 297 484 redeunt,
328 445 369 485 p.
406 430 497 483 104,
529 430 554 471 8
584 429 677 471 fore
708 430 771 470 uti
792 439 847 460 —-*
867 445 907 484 p.
943 430 1034 482 107,
1057 430 1110 471 23
1141 434 1394 485 tempestate

105 486 242 540 multi,
273 501 316 541 p.
352 486 452 540 112,
491 486 547 527 30
578 485 695 527 Ulixi
726 499 858 539 usque
898 485 951 526 ad
979 485 1122 526 finem.
1184 487 1319 529 Multa
1350 489 1394 530 in

107 543 189 585 hoc
229 556 399 597 quoque
436 545 537 583 sunt
575 545 758 594 mutata,
790 541 873 582 alia
911 541 1085 582 liberius
1131 542 1214 583 alia
1253 544 1393 586 minus

106 599 251 641 libere.
310 597 438 640 Hunc
468 597 623 639 librum
654 598 744 651 ipse
776 597 952 650 contuli,
983 597 1086 639 item

219 654 254 696 P
286 653 388 696 Cod.
419 653 744 695 Berolinensem
775 652 877 694 Msc.
919 653 990 694 lat.
1034 656 1169 695 octav.
1212 656 1260 696 71
1308 656 1394 697 sere

109 710 295 752 eiusdem
326 712 466 751 notae.
526 708 576 750 In
608 711 790 762 utroque
821 708 931 750 libro
962 710 1161 751 nonnulli
1193 711 1289 764 loci,
1322 713 1393 766 qui

107 766 252 820 aliquo
282 765 388 806 vitio
419 764 734 811 laboraverunt,
767 764 876 805 bene
907 766 1085 806 correcti
1108 770 1220 819 sunt,
1252 767 1394 820 plures

107 821 328 877 ingeniose
368 821 540 874 mutati,
581 820 655 874 qui
693 835 769 874 per
805 834 848 862 se
880 821 981 861 boni
1013 822 1275 864 correctione
1306 838 1395 865 non

108 877 303 933 egebant.
335 876 449 918 haud
479 891 614 931 pauca
635 890 742 931 quae
765 876 811 917 in
833 875 1091 918 editionibus
1117 877 1396 921 inveniuntur

70 939 74 944 '
108 948 159 976 ex
187 933 270 975 hoc
299 932 420 975 fonte
450 932 685 984 fluxerunt,
728 947 835 986 quae
867 936 1010 974 tamen
1041 935 1204 975 auctori
1235 935 1395 976 abiudi-

108 989 243 1032 canda
272 1003 361 1031 esse
393 1003 640 1043 persuasum
670 988 821 1030 habeo.

221 1045 360 1087 Semel
391 1045 458 1086 vel
498 1045 562 1086 bis
601 1044 734 1086 adieci
764 1044 969 1086 lectiones
1007 1045 1098 1086 cod.
1133 1047 1391 1101 Argentora-

105 1101 258 1155 tensis,
290 1115 374 1155 quo
406 1100 643 1142 Obrechtus
673 1115 773 1142 usus
803 1100 960 1142 multos
991 1100 1106 1142 locos
1138 1102 1392 1153 emendavit,

106 1157 320 1199 rarissime
358 1157 562 1198 lectiones
601 1157 691 1199 cod.
724 1155 1014 1211 Sangallensis
1054 1157 1255 1211 oppidani
1287 1173 1392 1200 saec.

105 1213 210 1263 XV,
254 1228 343 1255 non
389 1213 490 1254 satis
533 1215 725 1254 accurate
779 1216 825 1254 ut
862 1212 1029 1255 videtur
1073 1228 1098 1253 a
1137 1213 1223 1255 Ioa.
1270 1214 1393 1269 Casp.

109 1269 268 1312 Orellio
300 1269 445 1311 collati
476 1269 601 1323 (quas
631 1268 895 1311 Dederichus
926 1269 971 1310 in
1002 1269 1188 1311 editione
1219 1284 1294 1311 sua
1325 1285 1393 1311 ex-

107 1325 258 1379 hibet),
288 1339 342 1367 ne
372 1324 699 1367 fundamentum
728 1328 869 1366 textus
900 1325 1081 1366 fideliter
1109 1326 1297 1379 positum
1328 1326 1394 1367 his

107 1381 262 1423 additis
293 1381 552 1422 destruerem
583 1381 727 1435 potius
759 1395 887 1435 quam
917 1381 1143 1422 firmarem.

219 1436 311 1479 Nec
356 1437 583 1478 defuerunt
626 1437 732 1478 mihi
779 1436 985 1478 editiones
1031 1438 1235 1491 optimae,
1286 1452 1393 1491 quae

107 1495 254 1535 tamen
283 1508 373 1535 non
394 1493 621 1535 admodum
651 1494 763 1535 inter
794 1507 836 1534 se
859 1492 1081 1534 differunt:
1112 1496 1280 1547 praeter
1310 1493 1394 1535 edi-

108 1549 272 1591 tionem
286 1549 524 1603 principem
548 1551 651 1602 (una
669 1549 872 1591 Coloniae
900 1550 1006 1589 1470
1028 1549 1093 1590 vel
1120 1550 1238 1602 1475,
1261 1549 1393 1590 altera

109 1604 343 1647 Mediolani
373 1605 477 1646 1477
503 1605 679 1660 prodiit)
713 1605 970 1659 aliquotiens
992 1604 1234 1656 editionem,
1267 1619 1393 1659 quam

108 1661 198 1715 ipse
229 1661 437 1715 possideo,
470 1661 673 1714 optimam
705 1661 1035 1702 commemoravi
1067 1675 1173 1714 quae
1200 1660 1393 1702 Venetiis

108 1731 145 1758 a.
188 1716 295 1758 1499
339 1716 518 1770 prodiit,
565 1730 760 1757 excusam
806 1730 856 1756 ex
902 1716 1087 1757 editione
1128 1716 1293 1758 Veneta
1333 1732 1393 1769 ea,

108 1787 216 1827 quae
250 1773 357 1813 1486
396 1787 421 1813 a
451 1771 675 1813 Francisco
707 1771 948 1827 Faragom'o
987 1775 1130 1813 curata
1172 1776 1253 1813 est:
1284 1772 1393 1814 hanc

108 1829 300 1883 sequitur
338 1828 467 1869 editio
507 1842 614 1882 quae
646 1827 839 1869 Basileae
882 1842 920 1868 a.
965 1828 1071 1869 1529
1107 1828 1131 1869 8
1172 1828 1394 1870 Cratandri

107 1885 222 1939 typis
233 1898 385 1926 excusa
397 1884 679 1926 Cratandrina
687 1884 938 1938 appellatur.
962 1883 1042 1926 Sed
1059 1885 1186 1939 longe
1205 1885 1393 1926 omnium

107 1940 460 1995 praestantinima
489 1943 552 1981 est
582 1955 629 1981 ea
660 1955 785 1994 quam
813 1940 947 1981 Iosias
971 1939 1200 1982 Mei-cerins
1221 1940 1393 1981 Parisiis

113 1996 218 2038 1618
253 1996 304 2037 12
334 1996 380 2037 111
411 1996 582 2038 officina
611 1996 787 2038 Roberti
817 1996 1023 2050 Stephani
1055 1996 1204 2049 edidit3
1238 1997 1393 2037 etenim

109 2066 205 2093 cum
236 2066 368 2106 usque
407 2051 459 2093 ad
497 2052 602 2093 illud
641 2056 808 2106 tempus
838 2053 1019 2106 scriptor
1055 2053 1144 2093 fere
1176 2052 1393 2107 neglectus

109 2111 238 2162 esset,
277 2107 507 2149 Mercerius
553 2107 733 2150 duorum
778 2108 1032 2162 scriptorum
1078 2108 1268 2150 codicum
1314 2123 1393 2162 ope

108 2163 261 2218 fretus,
301 2166 349 2205 ut
385 2164 473 2216 ipse
503 2167 649 2206 narrat
678 2165 723 2205 in
761 2165 1044 2218 praefatione,
1084 2179 1177 2205 eum
1209 2164 1392 2205 restituit

110 2222 153 2262 et
182 2220 234 2262 ab
265 2220 498 2261 innumeris
522 2220 685 2262 mendis
716 2220 924 2261 liberavit.
975 2220 1118 2275 Digna
1150 2235 1256 2274 quae
1284 2234 1392 2261 com-

108 2279 368 2318 memoretur
397 2279 460 2317 est
482 2275 610 2318 editio
634 2276 849 2329 Obrechti,
881 2291 1007 2330 quam
1029 2278 1193 2318 curavit
1223 2275 1391 2318 Samuel
