1621 2550
481 131 629 164 BELLI
654 131 858 164 TROIANI
883 131 973 163 Lm.
1001 131 1047 165 11.
1348 130 1403 173 25

121 231 226 285 quin
273 230 478 284 paulatim
528 229 825 272 decedentibus
882 230 969 283 his,
1026 244 1131 284 quos
1180 230 1402 273 adversum

122 287 279 340 ierant,
309 286 362 327 ad
391 289 653 341 postremum
684 287 825 328 cuncti
856 286 1119 342 fugaientur.
1180 286 1239 327 ita
1267 287 1400 328 libero

120 343 173 384 ab
203 341 398 385 hostibus
433 346 624 396 tempore
664 341 812 384 Graeci
852 342 1078 384 subductas
1116 356 1244 383 naves
1276 346 1401 396 atque

119 398 165 440 in
196 398 387 440 ordinem
409 398 665 452 compositas
694 402 788 440 tuto
820 398 1057 440 conlocant.
1109 398 1207 439 (19111
1235 412 1284 439 ex
1316 412 1385 461 om

118 453 245 496 nibus
275 453 473 496 Achillen
504 458 546 496 et
575 455 749 496 Aiacem
770 454 1078 507 Telamonium,
1109 468 1290 507 quorum
1320 454 1401 495 vir·
1420 467 1437 492 5

118 513 210 552 tute
241 510 422 551 maxime
444 510 648 565 fidebant,
681 511 876 553 custodes
898 510 1091 565 deligunt
1112 509 1262 564 hisque
1292 513 1401 552 tute-

122 566 203 608 lam
233 565 429 608 classium
461 569 533 621 atq
536 581 588 608 ue
626 567 833 608 exercitus
870 581 946 620 per
980 566 1114 608 latera
1151 570 1277 620 atque
1313 580 1402 607 cor-

118 637 204 664 nua
241 584 540 664 distribuentes
577 623 762 664 tradunt..
822 623 954 678 igitur
991 621 1196 664 ordinatis
1226 621 1401 675 disposi-

117 678 256 732 tisque
295 678 491 719 omnibus
528 677 759 732 Telephus,
807 679 926 720 cuius
972 678 1098 719 ductu
1140 677 1192 719 ad
1230 677 1402 719 Troiam

116 734 365 788 navigatum
403 737 486 787 est,
531 747 688 790 magna
731 735 795 776 sui
841 734 952 788 apud
991 734 1220 775 exercitum
1263 734 1400 788 gratia
1421 745 1453 770 ιο

117 789 289 831 (1011111111
319 789 507 831 discedit.
558 805 697 844 neque
727 790 862 832 multo
900 793 996 844 post
1037 790 1148 831 circa
1175 789 1400 831 Protesilai

117 845 378 900 sepulturam
415 847 572 887 nostris
612 847 826 901 occupatis
863 846 1057 900 nihilque
1094 845 1171 887 tali
1209 850 1400 900 tempore

33 887 37 890 ι
95 901 272 943 'hostile
308 902 594 943 metuentibus
642 902 829 957 Cycnus,
876 903 994 944 cuius
1040 901 1153 943 haud
1191 901 1338 955 procul
1377 917 1401 942 a

116 957 244 999 Troia
273 971 473 1055 regnum,
511 959 686 1013 cognito
718 958 902 1000 adventu
932 962 1101 1011 nostro,
1133 957 1241 998 clam
1271 961 1398 1011 atque

116 1013 282 1055 insidiis
353 1027 497 1056 raecos
535 1014 699 1055 invadit
737 1029 892 1068 eosque
932 991 1107 1068 ancipiti
1138 1013 1250 1055 malo
1281 1013 1399 1054 terri-
1420 1024 1452 1049 15

114 1075 182 1111 tos
229 1070 319 1111 sine
366 1070 453 1111 ullo
503 1070 650 1112 ordine
689 1085 735 1112 ac
776 1070 1000 1124 disciplina
1037 1069 1211 1110 militari
1251 1069 1399 1124 fugere

115 1125 266 1189 coegit.
328 1124 425 1166 dein
455 1140 635 1180 propere
665 1126 841 1181 reliqui,
873 1126 1026 1180 quibus
1053 1139 1142 1167 non
1174 1139 1222 1166 ea
1252 1125 1400 1166 huma-

113 1181 175 1223 tio
207 1181 458 1223 demandata
488 1186 598 1237 erat,
637 1196 682 1223 re
713 1183 886 1238 cognita
915 1182 1066 1223 armati
1105 1185 1208 1223 eunt
1237 1185 1397 1222 contra.

113 1237 161 1278 in
199 1237 293 1292 quis
331 1237 520 1279 Achilles
567 1252 820 1294 congressus
865 1252 960 1280 cum
1000 1251 1099 1293 rege
1139 1251 1318 1291 eumque
1357 1241 1400 1278 et

114 1307 314 1348 magnam
334 1294 422 1335 vim
442 1293 631 1336 hostium
661 1294 896 1348 interfecit,
929 1294 1144 1336 conversis
1174 1294 1219 1334 in
1250 1293 1396 1348 fugam
1417 1304 1449 1329 20

113 1348 195 1391 hoc
224 1349 350 1391 modo
386 1349 587 1392 liberatis.

225 1404 342 1446 XIII.
405 1404 601 1447 Ceterum
641 1407 834 1448 sollicitis
872 1406 1048 1447 ducibus
1088 1410 1129 1447 et
1167 1405 1399 1446 multorum

113 1460 230 1503 clade
262 1462 316 1503 ob
347 1462 514 1503 crebras
535 1463 722 1504 hostium
753 1463 1016 1504 incursiones
1047 1462 1183 1504 anxiis
1214 1461 1399 1502 decerni-

112 1520 203 1571 tur,
233 1517 296 1558 uti
326 1518 509 1572 primum
531 1518 734 1560 finitimas
755 1518 906 1560 Tioiae
939 1518 1131 1559 civitates
1153 1532 1246 1558 cum
1278 1519 1397 1570 parte

113 1550 320 1614 exeicitus
351 1573 505 1615 adeant
543 1589 696 1628 easque
735 1575 852 1616 omni
882 1574 1008 1616 modo
1048 1574 1277 1615 incursent.
1337 1573 1397 1614 ita
1415 1584 1447 1609 25

113 1629 304 1670 omnium
334 1629 514 1683 primam
546 1629 678 1684 Cycni
708 1631 928 1686 regionem
965 1629 1175 1671 invadunt
1213 1632 1397 1670 vastant-

112 1699 192 1738 que
223 1685 380 1726 circum
403 1686 557 1740 omnia,
589 1686 663 1727 sed
692 1687 764 1727 ubi
795 1686 1147 1727 Neandriensium
1169 1685 1396 1738 civitatem,

112 1754 219 1794 quae
249 1741 372 1796 regni
403 1745 530 1795 caput
566 1742 751 1783 filiorum
786 1741 918 1796 Cycni
955 1741 1100 1783 nutrix
1138 1741 1397 1782 memoraba-

110 1801 201 1850 tur,
232 1796 352 1838 nullo
382 1798 605 1839 resistente
642 1799 835 1840 invasere
867 1803 993 1852 atque
1032 1798 1176 1853 ignem
1207 1797 1396 1838 subicere

111 1866 307 1907 coepere,
339 1853 451 1895 cives
482 1854 572 1895 eius
593 1854 737 1896 multis
758 1855 953 1909 precibus
974 1854 1240 1907 lacrimisque
1262 1867 1395 1906 orare,
1414 1862 1447 1888 ³0

112 1909 174 1950 uti
205 1908 258 1950 ab
288 1909 459 1972 incepto
480 1910 744 1964 desisterent,
776 1925 851 1965 per
880 1910 1023 1952 omnia
1052 1910 1237 1951 humana
1269 1913 1396 1972 atque

113 1963 258 2005 divina
286 1965 376 2006 nixi
407 1966 588 2020 genibus
618 1966 912 2021 deprecantes,
943 1981 996 2008 119
1028 1966 1180 2008 delicta
1210 1965 1396 2019 pessumi

112 2019 229 2062 ducis
265 2020 479 2062 civitatem
520 2022 739 2064 innoxiam
776 2026 818 2064 et
851 2023 979 2078 paulo
1016 2026 1113 2077 post
1147 2022 1273 2063 fidam
1315 2021 1394 2062 sibi

201 2111 545 2145 X111.Mala1.1·25
571 2114 650 2146 init.
675 2114 829 2149 Cedren.
855 2115 884 2146 P
911 2115 989 2147 126.

202 2205 218 2233 1
246 2201 424 2236 aduersus
450 2213 512 2236 eos
542 2203 583 2235 V.
676 2205 696 2236 6
720 2203 880 2246 diligunt
907 2204 947 2237 G¹
1043 2206 1083 2237 12
1109 2203 1273 2244 nihilque
1299 2202 1333 2233 in
1366 2202 1397 2232 V

112 2248 152 2278 14
177 2250 288 2288 atque
307 2257 351 2279 ex
368 2249 422 2280 ed.
443 2249 592 2281 [luceria
662 2250 705 2282 20
723 2249 760 2281 in
787 2249 875 2292 suga
895 2249 969 2288 ΟΒ,
995 2250 1033 2281 in
1058 2249 1179 2290 fugam
1198 2249 1293 2280 editt.
1312 2250 1392 2280 uett.

109 2295 219 2334 atque
236 2291 274 2323 in
292 2291 381 2334 fuga
394 2294 507 2325 maluit
523 2291 737 2328 Dederichue
784 2295 825 2327 27
845 2295 1127 2327 mentm-ensium
1146 2294 1234 2333 libri,
1251 2291 1393 2324 Obrech-

111 2341 162 2368 ωε
184 2335 498 2380 Methonensium‚
525 2339 724 2372 Perizonius
748 2339 1054 2372 Neandriensium
1079 2340 1132 2371 hic
1156 2343 1187 2370 et
1213 2337 1316 2376 infra.
