1621 2550
235 82 289 124 96
643 80 816 116 DICTYS
842 81 1109 115 CRETENSIS

237 197 366 238 quare
403 195 560 236 magna
596 182 660 223 vis
697 181 921 223 hominum
965 183 1099 236 portis
1138 196 1306 237 egressa
1352 197 1517 224 summa

236 238 401 280 laetitia
430 238 722 291 sacrificioque
753 238 910 278 donum
941 239 1100 292 excipit
1129 239 1389 293 attrahitque
1419 253 1516 293 pro-

236 296 333 350 pius
363 294 544 335 moenia.
596 294 668 334 sed
697 296 924 348 postquam
948 295 1241 350 magnitudine
1273 294 1412 349 operis
1442 294 1519 336 im-

237 351 373 405 pediri
393 364 469 404 per
489 352 632 403 portas
663 350 903 404 ingressum
924 350 1270 405 animadvertere,
1293 351 1520 392 consilium

205 423 220 448 5
240 406 591 448 destruendorum
641 405 820 460 desuper
872 421 1090 448 murorum
1141 407 1332 461 capiunt,
1382 421 1521 461 neque

241 463 465 517 quisquam
495 476 614 503 secus
643 476 744 516 prae
774 462 851 503 tali
882 463 1022 503 studio
1045 462 1308 504 decernebat.
1369 463 1429 503 ita
1458 463 1521 504 in-

239 519 446 560 violatum
477 518 622 559 multis
661 518 985 572 tempestatibus
1015 533 1234 560 murorum
1273 533 1379 573 opus
1408 517 1522 572 Nep-

239 575 440 629 tunique,
482 577 529 615 ut
564 573 888 628 perhibebatur,
927 577 1053 629 atque
1085 575 1299 628 Apollinis
1337 575 1523 616 maxima

240 633 519 672 monumenta
548 630 667 671 nullo
697 630 853 671 dilectu
884 631 1040 672 civium
1061 631 1258 672 manibus
1287 630 1523 672 dissolvun-

190 704 223 728 ιο
241 690 322 728 tur.
382 686 455 728 sed
492 689 718 740 postquam
758 687 893 728 maior
930 701 1027 741 pars
1066 687 1204 741 operis
1243 687 1332 728 eius
1363 687 1525 728 deiecta

242 745 317 797 est,
349 742 543 784 consulto
581 757 607 784 a
637 743 809 784 Graecis
839 743 1135 797 intercessum,
1174 743 1524 785 confirmantibus

242 814 330 841 non
361 814 404 840 se
435 814 633 853 passuros
672 799 786 840 intra
816 800 985 841 moenia
1015 799 1158 841 induci
1189 814 1357 853 equum,
1389 799 1524 853 prius-

243 870 369 910 quam
409 855 672 909 praedictum
715 856 807 896 auri
852 859 978 909 atque
1020 856 1187 910 argenti
1226 855 1393 909 pondus
1438 869 1526 896 sus-

243 912 445 966 ceperint.
506 912 566 952 ita
595 911 837 952 intermisso
879 926 1004 965 opere
1040 912 1337 965 semirutisque
1367 910 1527 952 moeni-

193 983 225 1008 15
243 969 321 1009 bus
366 967 513 1008 Ulixes
551 970 726 1008 cunctos
771 967 956 1009 civitatis
1001 967 1210 1009 Troianae
1256 967 1437 1009 artifices
1475 967 1529 1008 ad

244 1023 490 1065 reficiendas
521 1038 650 1064 naves
681 1024 891 1065 conducit.
943 1024 1180 1078 composita
1200 1023 1298 1065 dein
1327 1024 1527 1065 universa

246 1080 390 1134 classe,
413 1080 486 1121 ubi
508 1082 660 1121 cuncta
680 1081 853 1135 navigia
878 1081 1086 1122 instructa
1117 1083 1158 1122 et
1178 1080 1415 1134 praemium
1436 1093 1529 1134 per-

246 1137 433 1178 solutum
464 1143 538 1189 est,
570 1137 719 1178 iubent
748 1137 885 1178 nostri
915 1151 1118 1200 peragere
1150 1137 1331 1191 incepta.
1382 1136 1526 1191 itaque

246 1193 458 1234 destructa
495 1207 713 1234 murolum
754 1196 873 1247 parte
921 1207 1016 1234 cum
1055 1194 1148 1235 ioco
1180 1193 1436 1246 lasciviaque
1467 1193 1530 1233 in-

196 1265 228 1290 20
246 1249 400 1290 duxere
439 1263 594 1303 equum
624 1249 796 1290 feminis
833 1250 946 1291 inter
975 1264 1018 1290 se
1048 1252 1173 1303 atque
1204 1249 1306 1290 viris
1337 1249 1531 1290 certatim

246 1305 467 1347 adtrahere
497 1305 811 1346 festinantibus.

359 1361 454 1402 XII.
515 1360 693 1402 Interim
727 1360 897 1414 Graeci,
936 1361 1008 1402 ubi
1047 1363 1199 1403 cuncta
1237 1361 1417 1402 navibus
1455 1360 1532 1401 im-

247 1418 387 1472 posita
417 1420 528 1470 sunt,
561 1417 744 1458 incensis
766 1418 958 1459 omnium
978 1417 1263 1459 tabernaculis
1285 1417 1337 1458 ad
1359 1416 1533 1472 Sigeum

248 1474 461 1526 secedunt,
493 1473 636 1528 ibique
666 1476 837 1515 noct-em
876 1475 1167 1528 opperiuntur.
1226 1474 1347 1515 fessis
1383 1472 1533 1515 deinde

198 1545 231 1571 25
249 1530 383 1572 multo
415 1530 515 1571 vino
548 1533 674 1583 atque
706 1545 855 1572 somno
877 1531 1079 1584 barbaris,
1112 1545 1218 1585 quae
1249 1533 1428 1584 utraque
1459 1543 1535 1583 per

248 1587 456 1628 laetitiam
486 1587 839 1641 securitatemque
877 1587 992 1641 pacis
1023 1588 1362 1641 intervenerant,
1393 1585 1529 1627 multo

250 1643 420 1684 silentio
469 1642 521 1683 ad
566 1643 782 1684 civitatem
826 1644 1034 1698 navigant
1085 1646 1301 1685 servantes
1348 1642 1531 1697 signum,

250 1698 364 1753 quod
401 1699 493 1753 igni
533 1699 643 1740 elato
684 1698 819 1740 Sinon
864 1699 916 1740 ad
954 1714 1046 1741 eam
1088 1715 1176 1741 rem
1222 1699 1331 1740 clam
1368 1698 1533 1753 positus

250 1755 479 1797 sustulerat
509 1769 692 1809 moxque
731 1770 878 1796 omnes
915 1758 1140 1810 postquam
1178 1756 1389 1797 intravere
1421 1768 1534 1796 moe-

200 1827 233 1852 30
250 1812 322 1853 nia
368 1811 512 1853 divisis
550 1811 662 1852 inter
700 1826 742 1852 se
774 1812 957 1853 civitatis
995 1812 1118 1866 locis,
1158 1813 1231 1853 ubi
1262 1812 1433 1867 signum
1464 1810 1534 1852 da.-

250 1872 342 1910 tum
374 1870 447 1921 est,
479 1881 636 1922 magna
666 1868 707 1908 vi
737 1868 908 1909 caedere
941 1882 1023 1922 eos,
1056 1883 1161 1923 quos
1193 1868 1280 1910 fors
1311 1867 1534 1920 obiecerat,

253 1928 379 1979 atque
411 1926 664 1978 optruncare
695 1925 852 1978 passim
883 1939 958 1979 per
979 1924 1127 1967 domos
1149 1929 1275 1979 atque
1307 1924 1409 1977 vias,
1440 1923 1535 1965 loca

253 1995 371 2022 sacra
401 1980 665 2035 profanaque
700 1984 742 2022 et
772 1981 807 2021 si
838 1982 910 2035 qui
942 1985 1256 2035 persenserant,
1288 1981 1536 2035 priusquam

253 2052 416 2078 armare
453 2051 496 2078 se
528 2040 602 2077 aut
632 2037 746 2078 aliud
777 2052 852 2091 pro
885 2038 1021 2079 salute
1062 2052 1210 2093 capere
1242 2038 1430 2092 quirent,
1464 2050 1535 2090 op-

202 2109 235 2135 35
253 2094 454 2148 primere:
493 2108 663 2147 prorsus
701 2093 819 2134 nulla
856 2096 1023 2149 requies
1062 2094 1216 2150 stragis
1255 2097 1381 2148 atque
1417 2093 1536 2134 fune-

254 2165 360 2204 rum,
393 2164 488 2191 cum
518 2150 658 2204 palam
690 2153 730 2191 et
762 2151 805 2191 111
837 2165 908 2192 ore
940 2165 1113 2192 suorum
1151 2150 1274 2192 liberi
1319 2152 1534 2204 parentes·

345 2312 364 2342 9
392 2309 503 2341 multo
532 2309 592 2341 GB
642 2309 741 2341 nullo
771 2310 807 2341 P.
