1621 2550
116 136 164 166 VI

114 238 191 278 per
232 223 451 265 Graeciam
488 220 888 274 frequentabantur:
926 235 968 275 p.
1010 221 1056 275 2,
1096 221 1122 262 3
1159 221 1398 262 litterarum

116 279 403 331 Phoenicum,
435 290 542 331 quae
573 290 596 317 a
627 275 785 318 Cadmo
817 276 863 318 in
893 276 1101 318 Achaiam
1130 277 1302 318 fuerant
1331 276 1398 317 de-

116 336 226 377 latae
258 334 322 388 (in
342 334 426 374 fine
455 332 616 386 primae
637 332 769 386 partis
799 347 840 386 p.
865 331 956 385 101,
978 333 1032 374 33
1052 332 1206 374 litteris
1227 332 1400 374 Punicis

117 392 170 432 ab
202 389 361 432 Cadmo
393 388 626 442 Danaoque
656 387 840 442 traditis)
872 413 927 418 —-
956 403 996 442 p.
1032 390 1073 440 1,
1111 388 1140 428 4
1178 388 1276 429 dein
1304 390 1403 442 post

116 445 250 487 multa
289 444 477 486 saecula:
515 458 556 497 p.
588 444 636 498 2,
677 444 729 484 12
766 444 919 485 secutis
954 443 1236 497 temporibus,
1274 443 1401 485 tertio

118 501 280 542 decimo
303 515 416 542 anno
437 499 624 540 Neronis
644 499 812 553 imperii
832 525 885 529 —
907 514 948 552 p.
973 500 1009 551 1,
1044 499 1071 539 ὃ
1091 500 1204 552 apud
1224 498 1404 541 Gnoson

118 557 220 599 olim
242 556 456 599 Cretensis
487 555 609 610 regni
639 554 800 596 sedem:
832 569 873 609 p.
905 555 949 608 2,
981 555 1033 595 13
1061 554 1107 595 in
1128 554 1273 596 Gnoso
1304 555 1403 596 civi-

116 615 203 655 tate
238 638 288 642 —
320 627 358 666 p.
395 613 436 665 1,
475 611 501 652 5
541 610 743 665 conlapso
774 625 852 665 per
888 613 1142 652 vetustatem
1179 610 1403 664 sepulchro

117 668 228 710 eius:
259 683 299 722 p.
331 668 380 720 2,
425 667 477 707 14
511 669 649 708 terrae
679 669 820 709 motus
859 666 963 708 facti
994 681 1090 708 cum
1119 666 1273 720 multa,
1312 668 1406 708 tum

118 724 246 766 etiam
268 723 540 778 sepulchrum
560 722 710 777 Dictys
741 723 800 764 ita
820 723 1113 777 patefecerunt
1132 747 1188 752 —
1207 737 1249 776 p.
1284 723 1320 775 1,
1353 721 1403 763 11

117 781 171 822 ad
190 779 363 822 Praxim
384 779 602 820 dominum
621 779 724 820 loci:
755 794 796 832 p.
827 779 867 832 2,
892 779 943 820 19
970 778 1022 820 ad
1042 793 1166 819 suum
1186 777 1406 819 dominum

117 835 407 890 Eupraxidem
438 834 509 890 (cf.
542 834 581 889 2,
613 835 668 875 22
690 835 728 888 3,
761 835 804 889 7)
826 860 882 864 —-
901 849 943 889 p.
978 836 1014 888 1,
1047 834 1100 875 12
1123 836 1406 876 commutatos

117 892 272 933 litteris
305 891 481 944 Atticis,
520 905 620 932 nani
663 890 799 932 oratio
831 890 992 932 Graeca
1029 889 1186 931 fuerat:
1224 905 1265 944 p.
1296 890 1342 943 3,
1383 890 1405 930 1

118 947 303 990 Punicas
337 962 426 989 esse
458 947 636 1000 litteras,
667 961 708 1000 p.
741 947 779 999 3,
810 947 837 988 5
868 947 990 988 iussit
1018 947 1065 987 in
1087 945 1296 987 Graecum
1325 959 1407 987 ser-

117 1018 288 1045 monem
319 1004 400 1045 ista
429 1002 654 1045 transferri
685 1028 740 1032 —-
769 1017 810 1056 p.
846 1003 881 1056 1,
922 1003 968 1044 18
997 1003 1189 1056 priorum
1220 1002 1407 1056 quinque

119 1060 388 1101 voluminum
428 1059 609 1100 eundem
655 1072 881 1099 numerum
917 1058 1196 1111 servavimus,
1241 1057 1409 1099 residua

120 1118 325 1170 quatuor:
361 1130 401 1170 p.
433 1115 472 1168 2,
506 1116 528 1156 7
561 1115 611 1156 de
641 1117 733 1156 toto
765 1114 876 1156 bello
909 1129 981 1155 sex
1012 1114 1089 1168 (ita
1119 1114 1232 1155 enim
1262 1113 1408 1155 malim

118 1172 262 1224 scribi)
294 1172 524 1213 volumina.

231 1228 283 1269 In
312 1228 391 1269 hac
421 1230 543 1269 tanta
573 1241 714 1268 reruni
746 1225 988 1267 diversitate
1019 1226 1125 1266 mihi
1155 1223 1407 1280 persuadere

119 1299 208 1325 non
238 1298 412 1338 possum
451 1286 678 1337 utrumque
716 1283 767 1323 ab
810 1282 958 1323 eodem
994 1282 1168 1323 homine
1206 1282 1410 1335 scriptum

119 1354 223 1393 esse,
255 1340 327 1381 sed
358 1339 401 1380 id
431 1339 544 1393 quod
574 1339 659 1380 iam
690 1338 850 1379 dudum
881 1337 1111 1380 Mercerius
1142 1338 1298 1392 aliique
1329 1340 1410 1379 sta-

118 1398 315 1449 tuerunt,
349 1395 573 1450 epistolam
604 1395 937 1436 additamentum
969 1394 1236 1450 grammatici
1265 1393 1409 1435 nescio

120 1452 262 1506 cuius,
294 1452 523 1506 prologum
553 1454 695 1492 autem
726 1450 912 1492 eiusdem
943 1450 1128 1491 auctoris
1159 1453 1285 1504 atque
1315 1449 1411 1490 reli·

120 1523 250 1563 quum
282 1508 438 1549 librum
470 1521 560 1548 esse
592 1521 754 1549 censeo.
1440 1552 1446 1559 ,

235 1564 324 1605 Alii
364 1564 488 1605 aliter
524 1565 572 1604 ut
609 1563 654 1604 in
687 1563 936 1617 quaestione
967 1561 1218 1603 difficillima
1255 1561 1411 1602 iudica-

121 1623 287 1672 verunt,
308 1620 488 1661 Iacobus
514 1619 763 1660 Perizonius
785 1619 830 1660 in
848 1618 1143 1659 dissertatione
1166 1617 1215 1658 de
1233 1617 1411 1658 historia

121 1676 225 1718 belli
255 1676 431 1717 Troiani
452 1674 575 1716 XXX
597 1677 639 1715 et
659 1689 774 1728 seqq.
809 1674 1070 1715 Obrechtum
1091 1675 1259 1714 secutus
1290 1687 1411 1727 „pro-

122 1732 269 1787 logum
287 1745 436 1787 graece
457 1730 655 1785 primitus
671 1731 877 1784 scriptum
894 1732 935 1771 et
952 1729 1112 1771 Graeco
1134 1729 1278 1782 Dictyi
1295 1743 1411 1782 prae-

123 1789 300 1829 missum
318 1788 449 1829 fuisse
471 1786 712 1840 arbitratur,
735 1785 987 1827 translatum
1009 1788 1150 1826 autem
1166 1799 1255 1826 non
1272 1799 1297 1826 a
1312 1783 1412 1838 Sep-

123 1844 259 1897 timio,
293 1844 449 1898 quippe
481 1858 504 1884 a
535 1857 619 1897 quo
650 1843 696 1884 in
728 1841 980 1896 quibusdam
1015 1842 1058 1882 in
1092 1841 1256 1882 diversa
1287 1841 1411 1882 abeat

125 1903 167 1942 et
197 1901 316 1941 cuius
347 1899 504 1941 idcirco
541 1902 734 1953 tempore
772 1898 964 1940 nondum
1001 1897 1190 1939 extitisse
1221 1896 1414 1938 videatur

126 1959 238 1998 certe
270 1970 360 1998 non
390 1956 434 1997 in
467 1955 665 1997 omnibus
705 1955 1015 2009 exemplaribus
1053 1968 1190 2008 neque
1232 1952 1336 1994 adeo
1368 1952 1413 1994 in

125 2013 191 2066 iis,
225 2027 331 2066 quae
364 2012 409 2054 in
431 2012 521 2053 eius
551 2025 702 2052 manus
724 2010 985 2063 devenerint,
1017 2010 1242 2064 epistolam
1272 2011 1412 2050 autem

128 2067 323 2123 Septimii
346 2068 578 2123 genuinam
611 2068 729 2109 esse“
749 2067 895 2108 mult-is
917 2066 1149 2108 contendit.
1200 2064 1282 2107 Sed
1311 2065 1414 2106 nolo

128 2125 277 2166 inanes
301 2125 389 2166 eius
422 2125 687 2166 coniecturas
708 2123 788 2165 hoc
819 2123 913 2165 loco
945 2125 1149 2177 repetere,
1179 2121 1262 2163 hoc
1282 2135 1415 2162 unum

127 2184 296 2222 tantum
314 2181 443 2222 addo:
466 2179 821 2235 quemadmodum
837 2179 1037 2221 historiae
1053 2178 1222 2220 Daretis
1238 2177 1414 2232 Phrygii

128 2237 355 2291 epistolam
394 2237 582 2279 Cornelii
621 2236 801 2290 Nepotis
840 2235 891 2278 ad
932 2235 1201 2288 Sallustium,
1245 2234 1306 2275 ita
1347 2233 1414 2275 hic

129 2293 323 2347 septimii
358 2293 409 2334 ad
441 2293 646 2334 Aradium
678 2293 963 2346 praepositam
995 2306 1097 2333 esse.
