1621 2550
144 916 176 939 10

143 1193 174 1217 15

142 1472 173 1496 20

141 1751 173 1776 25

141 2034 172 2057 30

200 74 252 116 18
601 75 776 110 DICTYS
800 76 1067 110 CRETENSIS

198 175 287 216 eius
325 175 436 216 filiae
480 175 732 229 praebuere,
778 189 885 230 quae
933 178 1191 231 oenotropae
1228 180 1270 219 et
1308 177 1477 220 divinae

196 231 416 286 religionis
461 231 680 272 antestites
724 232 1081 274 memorabantur.
1148 232 1230 275 hoc
1267 233 1394 275 modo
1425 248 1477 276 ex

195 287 350 328 Aulide
380 287 628 342 navigatum
659 289 733 328 est.

523 456 728 505 LIBER
765 456 1142 506 SECUNDUS.

307 566 340 608 Ι.
400 566 633 620 Postquam
676 566 728 608 ad
765 566 1008 609 Moesorum
1052 567 1270 622 regionem
1307 568 1477 610 univer-

196 637 262 664 sas
306 623 459 663 classes
505 622 622 663 venti
668 623 889 677 appulere,
933 637 1114 678 propere
1160 637 1307 665 omnes
1351 624 1476 679 signo

196 679 293 720 dato
329 693 460 720 naves
502 678 619 720 litori
657 679 897 720 admovent.
972 679 1070 720 dein
1124 679 1267 734 egredi
1306 680 1477 734 cupien-

195 735 308 776 tibus
346 749 369 775 a
407 734 650 775 custodibus
689 735 773 776 loci
811 736 900 776 eius
937 735 1107 777 obviam
1142 735 1250 776 1111111
1280 738 1364 777 est:
1405 750 1477 778 eos

194 804 377 845 namque
408 790 640 853 Telephus,
673 792 746 854 qui
774 795 865 832 tum
897 790 1083 833 Moesiae
1113 791 1344 846 imperator
1374 794 1477 845 erat,

195 861 279 900 quo
302 847 439 887 omnis
468 846 587 901 regio
609 847 662 887 ab
692 847 934 889 incursione
955 847 1266 889 maritimorum
1286 847 1476 889 hostium
1534 838 1542 860 ⁷

195 902 505 955 defensaretur,
544 902 660 943 litori
696 903 968 957 praefecerat.
1035 903 1168 958 igitur
1204 903 1278 944 ubi
1309 903 1479 944 descen-

195 958 291 999 dere
334 958 616 1012 prohibentur
662 972 800 1013 neque
849 959 966 1022 prius
1009 959 1271 1013 permittitur
1318 962 1476 1000 terram

195 1014 461 1069 contingere,
501 1028 629 1067 quam
665 1015 755 1070 regi
796 1015 969 1069 quinam
1015 1018 1155 1056 essent
1191 1015 1476 1068 nuntiaretur,

194 1070 331 1111 nostri
369 1069 507 1124 primo
547 1083 653 1123 quae
694 1070 943 1112 dicebantur
981 1071 1207 1127 neglegere
1247 1075 1290 1112 et
1319 1071 1478 1126 singuli

193 1126 375 1167 navibus
413 1125 575 1181 egredi,
621 1126 717 1167 dein
754 1130 980 1190 postquam
1018 1142 1043 1169 a
1080 1107 1324 1169 custodibus
1367 1127 1477 1168 nihil

193 1181 488 1223 remittebatur
527 1185 568 1222 et
605 1196 769 1223 summa
811 1183 854 1223 vi
884 1183 1023 1224 resisti
1063 1187 1104 1224 et
1133 1183 1351 1237 prohiberi
1383 1197 1474 1224 coe-

193 1241 327 1292 ptum,
359 1237 485 1278 duces
510 1252 656 1279 omnes
687 1239 887 1280 iniuriam
907 1254 1036 1280 manu
1067 1238 1364 1280 vindicandam
1395 1239 1478 1280 rati

194 1293 372 1348 aneptis
403 1294 530 1334 armis
561 1294 732 1335 evolant
761 1295 941 1335 navibus
971 1295 1218 1358 incensique
1248 1295 1311 1335 ira
1341 1297 1478 1336 custo·

193 1350 264 1390 des
295 1349 470 1391 caedere
499 1363 637 1403 neque
668 1351 799 1391 versis
829 1351 896 1391 his
925 1354 1051 1404 atque
1081 1351 1127 1391 in
1157 1349 1261 1406 fuga
1289 1364 1476 1404 parcere,

193 1405 265 1446 sed
282 1405 345 1446 uti
362 1405 540 1459 quisque
561 1405 797 1460 fugientem
815 1406 1192 1470 conprehenderat,
1208 1407 1475 1448 obtruncaie.

305 1461 359 1502 II.
419 1461 597 1502 Interim
627 1462 679 1502 ad
699 1461 934 1525 Telephum
966 1463 1038 1517 qui
1068 1463 1195 1517 primi
1219 1461 1328 1559 11ιὶ3
1350 1462 1478 1504 Grae-

193 1531 263 1558 cos
294 1520 515 1558 evaserant
542 1518 738 1559 veniunt:
770 1518 950 1559 inruisse
975 1519 1108 1559 multa
1138 1518 1256 1559 milia
1317 1519 1475 1560 ostium

193 1587 348 1627 eosque
377 1573 507 1614 caesis
547 1573 792 1616 custodibus
830 1574 957 1616 litora
995 1588 1220 1629 occupasse
1258 1577 1301 1616 61
1339 1574 1475 1616 11111113

191 1632 409 1682 praeterea
439 1629 598 1683 singuli
628 1644 705 1683 pro
736 1633 852 1671 metu
891 1645 967 1672 suo
999 1630 1229 1672 adicientes
1258 1630 1473 1671 nuntiant.

194 1684 291 1725 dein
321 1699 366 1725 re
404 1686 578 1739 cognita
608 1685 820 1748 Telephus
860 1699 955 1727 cum
985 1686 1073 1739 his,
1105 1699 1211 1740 quos
1242 1686 1400 1727 circum
1431 1700 1477 1727 se

191 1740 394 1794 habebat,
440 1740 638 1795 aliisque,
677 1741 749 1795 qui
780 1743 824 1782 in
862 1756 910 1783 ea
947 1742 1221 1783 festinatione
1260 1741 1306 1782 in
1342 1756 1476 1783 unum

193 1796 370 1838 conduci
400 1800 596 1850 potuere,
635 1811 813 1860 propere
854 1798 1025 1839 Giaecis
1065 1798 1233 1839 obviam
1271 1798 1389 1839 venit
1427 1812 1475 1839 ae

193 1853 336 1894 statim
385 1853 654 1894 condensatis
705 1853 917 1917 utrimque
970 1853 1183 1895 frontibus
1233 1854 1275 1894 vi
1320 1867 1475 1909 magna

192 1909 470 1950 concurritur.
540 1908 636 1950 dein
683 1909 744 1950 1111
792 1910 970 1964 quisque
1015 1910 1059 1950 in
1098 1924 1248 1951 manus
1286 1914 1472 1963 venerat,

191 1965 467 2018 interficitur,
507 1979 603 2007 eum
640 1965 811 2006 interim
849 1966 915 2007 his
954 1969 1026 2007 aut
1056 1965 1140 2007 illis
1171 1979 1222 2007 ex
1252 1979 1350 2007 casu
1382 1980 1475 2008 suo-

192 2035 287 2062 rum
316 2021 520 2075 perculsis
551 2021 842 2063 vehementius
878 2022 1061 2063 invicem
1091 2022 1332 2063 instaretur.
1394 2021 1476 2064 Sed

192 2078 235 2118 in
269 2091 316 2118 ea
346 2091 491 2132 pugna
513 2077 817 2132 Thessandrus,
849 2092 973 2132 quem
995 2077 1212 2132 Polynicis
1242 2092 1370 2132 supra
1391 2092 1475 2119 me-

283 2205 299 2234 1
327 2212 418 2244 quae
444 2204 480 2234 in
505 2206 657 2244 utropea
677 2202 739 2235 GB
772 2213 864 2244 quae
891 2206 1088 2246 oenotrope
1107 2204 1138 2235 P
1207 2204 1248 2235 17
1266 2202 1431 2246 abreptis
1449 2202 1477 2236 G

192 2247 233 2279 18
259 2246 386 2279 cedere
415 2247 476 2279 GB
566 2248 609 2280 20
634 2248 720 2290 fuge
748 2248 804 2280 GB
911 2249 953 2280 27
980 2247 1177 2281 condensis
1202 2248 1292 2280 satis
1319 2247 1346 2280 0
1393 2258 1477 2280 eon-

190 2292 354 2325 densatis
379 2293 473 2325 edite.
500 2297 580 2326 uett.
667 2294 710 2326 30
728 2292 798 2325 Sed
824 2293 860 2325 in
887 2303 931 2325 ea
957 2302 1078 2336 pugna
1103 2304 1163 2326 om.
1191 2293 1243 2327 ed.
1267 2294 1378 2335 princ.
