1621 2550
449 101 597 135 BELLI
622 100 824 135 TROIANI
850 101 942 137 LIB.
969 102 1016 135 11.
1317 105 1371 146 45

88 199 377 242 conditionem
422 199 572 241 hiemis
611 200 765 263 quietis
811 200 1004 254 nihilque
1043 201 1198 243 hostile
1238 206 1370 257 suspi-

87 256 283 298 cantibus
311 269 514 310 paravere
552 256 842 319 eruptionem,
874 257 969 310 quis
998 255 1159 298 Hector
1197 257 1279 299 dux
1311 264 1370 301 at-

89 325 171 366 que
201 311 384 353 audendi
404 314 553 354 auctor
581 311 731 354 factus.
782 312 817 353 is
847 326 1030 366 namque
1052 326 1196 354 omnes
1227 315 1370 368 copias

87 367 315 410 instructas
360 367 487 409 armis
532 382 629 409 cum
674 367 767 409 luce
819 368 944 409 simul
985 371 1108 422 porta
1145 368 1286 411 educit
1323 384 1369 411 ac

86 423 284 478 protinus
322 437 446 465 cursu
482 423 611 478 pleno
659 423 712 465 ad
749 438 878 465 naves
924 423 1096 465 tendere
1135 428 1261 478 atque
1308 426 1370 467 in-

87 478 240 521 vadere
269 479 414 521 hostes
451 479 580 521 iubet.
641 483 685 521 at
715 479 818 521 Grai
858 479 1149 534 infrequentes
1187 484 1277 522 tum
1308 482 1371 523 in-

88 535 328 590 curiosique
366 535 418 577 ab
455 536 583 577 armis
621 536 783 577 turbari
829 536 954 577 simul
1006 538 1048 577 et
1093 535 1369 592 fugientibus,

89 605 196 646 quos
225 591 380 644 primos
410 591 546 633 hostis
577 592 827 646 incesserat,
866 607 950 646 quo
988 592 1129 633 minus
1160 607 1277 634 arma
1306 607 1371 634 ca—

119 650 251 701 erent,
282 647 492 702 impediri,
521 650 613 689 tum
645 648 757 689 caesi
787 625 911 690 11111Ιῄ1
949 648 1169 689 mortales:
1201 649 1369 703 iamque

86 661 251 744 111313
230 704 303 757 qui
341 704 387 744 in
425 703 564 745 medio
604 703 795 756 fuerant,
836 703 997 746 Hector
1033 704 1085 745 ad
1114 718 1244 746 naves
1275 719 1371 761 pro-

87 772 255 814 gressus
284 759 429 814 ignem
460 759 506 800 in
535 773 684 813 proras
721 760 857 801 iacere
887 774 935 801 ac
971 761 1132 801 saevire
1163 761 1370 802 incendiis

85 817 284 869 coeperat
312 814 432 857 nullo
462 818 708 857 nostrorum
737 830 840 858 auso
871 816 1085 857 resistere:
1130 816 1203 870 qui
1233 817 1370 858 territi

86 872 213 925 atque
251 871 471 926 inproviso
508 871 695 913 tumultu
725 885 959 927 exsangues
989 872 1169 927 genibus
1190 872 1370 914 Achillis

85 926 291 968 auxilium
341 928 592 969 rennuentis
641 931 782 969 tamen
835 928 1193 970 obvolvebantur:
1250 931 1369 970 tanta

89 986 263 1037 repente
293 984 474 1025 mutatio
505 984 746 1026 animorum
776 987 946 1026 nostros
976 987 1103 1039 atque
1134 984 1277 1026 hostes
1308 985 1370 1026 in-

84 1042 278 1082 cesserat.

196 1095 349 1137 XLIII.
417 1096 585 1137 Interea
642 1097 752 1137 Aiax
810 1096 1083 1138 Telamonius
1140 1097 1368 1138 adveniens

84 1151 259 1215 cognito
298 1151 412 1206 apud
447 1166 578 1193 naves
616 1152 801 1194 Hectore
840 1166 996 1208 magna
1034 1166 1248 1194 almorum
1279 1167 1370 1207 spe-

85 1207 148 1250 919
178 1207 337 1250 ibidem
375 1223 457 1262 app
431 1208 574 1261 paruit
610 1223 658 1250 ac
696 1208 794 1250 dein
823 1209 936 1251 111019
973 1223 1049 1250 3113
1079 1222 1265 1264 urguens
1295 1208 1370 1251 ho-

84 1266 193 1306 stem
240 1264 375 1306 multo
423 1264 575 1306 sudore
622 1264 674 1306 ad
718 1267 981 1320 postremum
1027 1265 1206 1306 navibus
1252 1268 1369 1306 extia

85 1313 468 1368 vallu'hdetrudit
518 1321 642 1362 tum
631 1335 716 1362 lam
737 1321 983 1363 cedentibus
1003 1321 1141 1362 acrior
1170 1321 1370 1362 insistens

83 1375 326 1440 Hectorem,
348 1377 421 1431 qui
442 1376 646 1418 advorsus
667 1391 763 1418 eum
783 1380 1007 1431 promptus
1028 1379 1216 1430 steterat,
1238 1377 1369 1418 ictum

84 1432 248 1474 inmani
279 1447 381 1474 saxo
411 1446 460 1474 ac
490 1447 589 1474 mox
620 1436 938 1475 consternatum
970 1433 1109 1474 deicit.
1169 1432 1241 1474 sed
1273 1447 1369 1474 eum

83 1491 385 1530 concurrentes
416 1489 603 1543 undique
624 1489 797 1543 plurimi
819 1489 1092 1531 multitudine
1113 1503 1188 1530 sua
1209 1492 1368 1530 tectum

83 1544 196 1586 bello
228 1547 356 1599 atque
385 1545 530 1586 Aiacis
560 1546 756 1587 manibus
787 1546 994 1599 eripiunt,
1030 1545 1367 1609 seminecemque

85 1600 200 1642 intra
229 1615 373 1643 muros
403 1601 549 1643 ferunt
589 1601 698 1643 male
736 1615 940 1656 prospera
970 1601 1194 1655 eruptione
1225 1600 1369 1642 adver·

83 1670 155 1698 sus
185 1655 330 1698 hostes
360 1671 496 1698 usum,
547 1660 734 1699 ceterum
769 1658 879 1698 Aiax
910 1658 1076 1699 saevior
1106 1657 1160 1698 ob
1182 1659 1369 1711 ereptam

84 1726 108 1754 9
137 1712 334 1754 manibus
364 1712 547 1768 gloriam
586 1713 819 1768 adsumptis
850 1714 934 1754 iam
963 1712 1170 1755 Diomede
1202 1715 1244 1754 et
1274 1727 1369 1754 cum

82 1767 314 1811 Idomeneo
353 1769 484 1811 Aiace
523 1769 657 1811 altero
703 1770 875 1811 territos
915 1769 1211 1824 dispersosque
1249 1769 1369 1823 sequi

85 1838 135 1866 ac
171 1824 386 1881 fugientes
423 1839 538 1867 nunc
575 1826 661 1868 telo
708 1826 873 1867 eminus
913 1828 1202 1880 prosternere,
1242 1824 1368 1867 modo

82 1860 371 1935 adprehensos
401 1882 594 1924 obterere
624 1882 752 1924 armis
773 1896 946 1936 prorsus
975 1882 1108 1935 nullo,
1141 1882 1213 1936 qui
1244 1882 1290 1922 in
1320 1895 1369 1922 ea

83 1940 205 1991 parte
233 1937 386 1992 fuerat,
417 1938 590 1980 intacto.
651 1938 763 1980 inter
793 1952 900 1992 quae
931 1941 1019 1980 tam
1049 1937 1215 1992 trepida
1241 1937 1368 1979 Glau-

83 2006 157 2034 cus
184 1971 447 2048 Hippolochi
478 1993 697 2048 Sarpedon
725 1997 852 2058 atquc
873 1995 1164 2049 Asteropcteus
1195 1993 1247 2034 ad
1281 2008 1369 2035 mo·

84 2048 264 2090 randum
294 2049 461 2092 hostem
491 2050 706 2105 paulisper
735 2051 827 2092 ausi
867 2051 1061 2092 resistere
1091 2065 1190 2092 mox
1223 2050 1368 2091 vulne-

174 2187 194 2218 7
219 2197 240 2218 a
265 2186 495 2230 fugientibus
525 2187 560 2217 V
647 2188 668 2219 8
702 2187 837 2230 primus
869 2187 963 2227 libri,
1004 2188 1203 2220 Perizonius
1234 2187 1367 2228 primos

88 2231 130 2263 19
153 2230 247 2264 mole
275 2232 302 2264 G
354 2231 524 2265 molestia
549 2232 582 2264 B
630 2232 723 2265 mole
750 2242 816 2264 sua
841 2233 932 2275 quod
953 2234 1133 2274 proposuit
1165 2231 1363 2268 Οότεοήιιις

85 2274 283 2362 Ἐζξιῃεγθ
318 2277 362 2309 20
386 2279 479 2320 vulgo
504 2278 626 2318 Ieyieur
650 2287 672 2309 a
697 2278 855 2310 nauibus
879 2283 999 2310 contra
1025 2278 1128 2309 libros
1202 2278 1244 2309 33
1271 2280 1366 2308 aste-

1390 718 1421 743 10

1389 996 1421 1022 15

1388 1277 1420 1301 20

1387 1556 1419 1582 25

1387 1839 1418 1863 30
