1621 2550
211 101 263 142 10
614 100 788 134 DICTYS
816 99 1082 133 CRETENSIS

208 199 569 242 Lacedaemonam
606 200 802 251 redeunt,
844 198 893 239 de
924 197 1090 239 Helena
1128 198 1301 261 eiusque
1340 199 1488 241 volun·

207 259 294 298 tate
324 258 512 308 narrant,
545 255 643 295 dein
663 254 824 295 Priami
852 254 1122 307 filiorumque
1153 254 1241 295 eius
1265 254 1488 296 adversum

208 325 251 353 se
296 312 407 352 dicta
453 313 675 365 gestaque:
723 309 882 365 grande
928 309 1202 363 praeconium
1247 310 1345 351 fidei
1389 324 1490 366 erga

209 367 374 429 legatos
401 367 633 408 Antenoris
670 343 970 428 praeferentes
1030 378 1136 419 quae
1175 365 1248 406 ubi
1279 379 1487 420 accepere,

175 437 190 463 5
209 422 468 476 decernitur,
506 423 569 463 uti
607 421 765 477 singuli
802 421 847 461 in
885 421 970 462 suis
1008 420 1113 462 locis
1143 423 1269 475 atque
1300 422 1488 475 imperiis

209 492 309 532 opes
348 478 449 519 belli
487 480 649 531 parent.
675 457 842 531 t’igitur
880 490 930 516 ex
968 476 1134 517 consilii
1171 477 1382 518 sententia
1417 491 1489 532 op-

207 537 416 587 portunus
446 533 563 574 locus
585 532 637 574 ad
658 532 1009 584 conveniendum,
1041 534 1083 573 et
1111 532 1157 572 in
1178 546 1262 586 quo
1284 532 1334 574 de
1363 547 1489 587 appa-

208 592 302 631 ratu
325 589 424 630 belli
446 591 653 643 agei-,etur
672 588 792 643 Argi,
815 564 1033 629 Diomedis
1053 601 1246 643 regnum,
1276 588 1488 643 deligitur.

319 644 435 685 XIII.
486 644 551 685 Ita
588 621 661 685 ub'i
698 647 864 697 tempus
901 643 1039 684 visum
1077 646 1160 696 est,
1204 644 1365 697 primus
1405 657 1492 685 om-

158 714 190 740 10
208 700 327 741 nium
364 700 530 755 ingenti
567 700 741 741 nomine
779 699 948 741 virtutis
988 702 1113 753 atque
1152 701 1341 753 corporis
1379 700 1490 740 Aiax

209 756 482 797 Telamonius
528 755 718 808 advenit,
765 769 860 796 011111
904 769 953 796 00
996 755 1156 796 Το11001·
1194 755 1346 796 frater:
1392 754 1490 796 dein

208 811 322 853 haud
358 812 492 853 multo
535 814 633 874 post
669 811 919 852 Idomeneus
965 813 1007 852 et
1045 810 1277 864 Meriones,
1325 825 1490 851 summa

208 868 320 908 inter
349 881 392 908 se
423 867 557 908 iuncti
588 866 825 908 concordia.
878 880 1023 908 eorum
1054 879 1133 921 ego
1164 869 1332 908 secutus
1363 866 1491 907 comi·
1535 888 1543 894 —

209 925 346 963 tatum
384 936 434 963 ea
471 922 660 976 quidem,
700 936 807 976 quae
852 924 977 963 antea
1022 922 1133 975 apud
1163 921 1334 963 Troiam
1373 924 1493 976 gesta

158 990 190 1017 15
209 981 327 1031 sunt,
367 977 419 1019 ab
451 977 576 1019 Ulixe
615 978 787 1032 cognita
825 978 951 1031 quam
990 977 1313 1032 diligentissime
1344 977 1490 1018 retuli:

209 1037 251 1074 et
289 1033 471 1087 reliqua,
514 1048 620 1088 quae
660 1034 857 1087 deinceps
902 1034 1092 1075 insecuta
1130 1036 1249 1087 sunt,
1289 1033 1492 1096 quoniam

208 1090 298 1143 ipse
329 1089 505 1130 interfui
537 1104 664 1143 quam
703 1089 919 1131 verissime
950 1092 1099 1143 potero
1131 1103 1354 1143 exponam.
1415 1089 1492 1144 igi-

207 1148 278 1186 tur
307 1147 404 1198 post
434 1159 520 1199 eos,
551 1159 658 1198 quos
689 1160 816 1199 supra
845 1145 1185 1198 memoravimus,
1208 1145 1366 1187 Nestor
1396 1159 1493 1186 cum

209 1200 444 1242 Antilocho
477 1203 519 1242 et
539 1201 836 1255 Thrasymede,
869 1215 974 1255 quos
995 1201 1208 1242 Anaxibia
1237 1203 1491 1255 susceperat,

157 1269 192 1294 20
210 1257 476 1311 supervenit:
516 1270 587 1298 eos
623 1257 830 1298 Peneleus
876 1258 1092 1298 insecutus
1132 1271 1227 1298 cum
1266 1256 1413 1298 Clonio
1452 1259 1495 1297 et

209 1312 428 1354 Arcesilao
459 1313 799 1367 consanguineis,
832 1312 928 1353 dein
959 1312 1229 1353 Prothoenor
1268 1315 1311 1353 et
1347 1311 1493 1353 Leitus

210 1367 415 1409 Boeotiae
445 1368 672 1422 principeS,
703 1368 889 1422 itemque
911 1367 1115 1409 Schedius
1146 1370 1188 1409 et
1207 1367 1494 1422 Epistrophus

209 1423 464 1476 Phocenses,
487 1424 751 1478 Ascalaphus
781 1427 823 1465 et
842 1423 1055 1465 Ialmenus
1079 1423 1371 1466 Orchomenii:
1402 1426 1494 1465 tum

209 1479 363 1520 Diores
385 1481 428 1520 et
447 1457 593 1534 iVIeges
615 1494 665 1520 ex
684 1479 847 1533 Phyleo
870 1480 1050 1535 genitus,
1071 1479 1212 1521 Thoas
1233 1493 1284 1521 ex
1305 1479 1496 1521 Andrae-

159 1546 192 1572 25
211 1549 356 1587 mone,
387 1534 630 1589 Eurypylus
660 1514 920 1577 Euaemonis
954 1538 1161 1578 Ormenius
1196 1538 1238 1577 et
1267 1535 1493 1577 Leonteus.

321 1590 438 1632 XIV.
497 1591 601 1632 Post
644 1606 751 1643 quos
795 1591 986 1633 Achilles
1030 1591 1147 1633 Pelei
1201 1594 1245 1632 et
1285 1590 1494 1654 sl‘hetidis,

210 1660 316 1700 quae
361 1645 628 1688 ex‘Chirone
668 1647 897 1688 dicebatur.
964 1647 1033 1688 hic
1080 1647 1125 1687 in
1168 1647 1316 1700 primis
1355 1647 1494 1688 adule-

210 1701 394 1743 scentiae
425 1702 568 1755 annis,
591 1715 809 1756 procerus,
842 1702 993 1744 decora
1023 1702 1150 1755 facie,
1182 1703 1321 1744 studio
1353 1716 1495 1744 rerum

209 1758 457 1800 bellicarum
488 1772 634 1799 omnes
665 1758 749 1799 iam
780 1760 871 1799 tum
910 1758 1066 1799 virtute
1104 1761 1230 1812 atque
1261 1758 1399 1813 gloria
1429 1773 1495 1799 su-

160 1824 193 1851 30
210 1814 399 1868 perabat,
430 1827 568 1867 neque
598 1816 742 1855 tamen
772 1814 917 1855 aberat
947 1814 999 1854 ab
1031 1828 1080 1855 eo
1111 1814 1174 1855 vis
1196 1813 1401 1868 quaedam
1432 1814 1494 1855 111-

210 1869 404 1911 consulta
443 1871 485 1910 et
522 1869 649 1910 effera
679 1884 845 1911 morum
885 1869 1149 1923 inpatientia.
1210 1884 1305 1911 cum
1337 1884 1385 1912 00
1417 1869 1494 1911 Pa-

300 1961 390 1992 XIlI
414 1960 541 1993 Malal.
569 1962 632 1993 134
658 1959 810 1993 Cedren.
837 1961 864 1993 P
892 1961 955 1993 127

302 2040 320 2070 7
347 2037 543 2070 couendum
571 2037 612 2071 G¹
705 2040 725 2071 8
752 2038 918 2081 diligitur
944 2039 982 2073 G.
1002 2049 1092 2071 corr.
1120 2041 1149 2070 1.
1175 2050 1214 2073 m.
1310 2041 1347 2071 11
1375 2043 1495 2072 tenter

213 2083 252 2116 G.
282 2093 300 2115 0
327 2085 359 2114 2.
383 2094 422 2115 m.
448 2094 522 2124 sup.
549 2093 616 2115 scr.
712 2085 755 2116 20
781 2083 891 2124 clytio
917 2084 1008 2123 libri,
1042 2084 1225 2116 Mer-cerus
1253 2089 1286 2116 et
1311 2083 1495 2116 Obrecheus

212 2127 340 2161 0101110
394 2127 598 2160 archesilao
638 2128 666 2160 G
719 2127 920 2161 arthesilao
956 2128 989 2159 B
1117 2129 1159 2160 21
1197 2129 1396 2171 protheum·
1433 2129 1495 2161 GB

210 2173 253 2205 22
272 2172 416 2205 seedius
437 2172 499 2205 GB
569 2174 612 2205 ‘23
631 2172 798 2206 focenses
816 2173 877 2205 GB
918 2173 1082 2205 iamenus
1103 2172 1164 2205 GB
1233 2175 1276 2206 24
1293 2183 1413 2207 meees
1433 2173 1494 2206 GB

210 2216 307 2259 pileo
328 2217 355 2250 G
403 2217 507 2260 peleo
527 2217 558 2248 B
643 2219 685 2250 25
712 2218 931 2250 andromonc
953 2217 1014 2250 GB
1061 2217 1298 2251 euhaemonis
1317 2219 1345 2251 G
1391 2218 1496 2250 enhe-

211 2263 330 2294 monis
354 2262 386 2293 B
441 2261 691 2294 orchomenius
719 2262 781 2293 ΗΒ
812 2274 902 2296 corr.
929 2263 1107 2295 Mercerus
1199 2265 1239 2296 31
1273 2266 1309 2295 et
1332 2273 1393 2296 om.
1420 2262 1493 2302 GB,

212 2307 392 2340 Mercerus
417 2317 481 2340 non
507 2310 590 2340 male
615 2309 794 2349 proposuit
820 2311 855 2340 et
881 2308 970 2340 fera.
