1621 2550
232 79 288 119 64
636 80 811 113 DiCTYs
838 79 1106 114 ORETENSIS

233 192 334 232 prae
365 193 408 220 se
438 179 598 219 habens
642 179 733 233 regi
771 179 1062 220 adiumentum
1102 179 1352 234 deprecandi
1398 182 1511 223 addi-

234 234 363 289 derat,
396 235 469 288 qui
499 234 760 275 maeroribus
791 234 993 288 senioque
1024 235 1260 290 decrepitus
1290 236 1402 277 filiae
1432 237 1512 278 Po-

233 291 412 344 lyxenae
450 290 606 352 umeris
649 289 923 332 innitebatur.
990 293 1274 345 sequebantur
1318 293 1512 334 vehicula

233 346 362 400 plena
402 345 494 386 auri
532 348 658 399 atque
695 346 860 400 argenti
897 347 1193 402 pretiosaeque
1231 348 1377 401 vestis,
1417 363 1512 390 611111

201 420 216 444 5
235 416 361 455 super
390 415 559 441 murum
589 401 880 455 despectantes
911 402 1085 443 Troiani
1123 403 1371 445 comitatum
1401 405 1513 459 regis

235 457 368 498 oculis
404 459 773 511 prosequerentur
834 472 918 510 quo
957 458 1048 499 viso
1088 462 1261 512 repente
1297 460 1514 501 silentium

235 527 285 553 ex
315 513 611 554 ammiratione
643 513 779 554 oritur
807 527 855 554 ac
894 527 993 554 mox
1031 527 1152 568 reges
1190 514 1302 555 avidi
1340 530 1513 557 noscere

234 583 380 610 causas
418 571 622 610 adventus
662 569 751 609 eius
796 569 1033 631 procedunt
1069 570 1249 611 obviam.
1320 570 1514 612 Priamus

234 625 306 665 ubi
337 624 390 665 ad
421 639 463 665 se
493 624 611 665 tendi
632 624 760 678 videt,
791 624 986 678 protinus
1017 640 1062 665 111
1096 639 1142 666 os
1180 626 1267 666 ruit
1296 626 1515 679 pulverem
1618 633 1621 684 1

185 698 216 722 10
235 680 481 734 reliquaque
514 680 633 721 humi
662 683 945 735 purgamenta
974 682 1102 734 capiti
1134 694 1385 736 aspargens:
1417 682 1514 724 dein
1620 692 1621 701 ¹

236 739 348 789 orat,
387 736 451 776 uti
490 736 677 777 miserati
723 736 918 778 fortunas
959 751 1054 778 suas
1094 740 1334 791 precatores
1372 752 1515 779 secum

235 791 287 832 ad
317 792 531 832 Achillem
552 792 738 833 veniant.
790 792 878 833 eius
909 795 1090 834 aetatem
1121 793 1423 847 fortunamque
1454 808 1515 835 re-

235 847 430 889 cordatus
461 847 619 889 Nestor
649 848 782 900 dolet,
822 851 971 889 contra
1002 848 1149 889 Ulixes
1187 849 1423 890 maledictis
1454 850 1514 890 in-

234 904 354 957 sequi
385 906 427 944 et
457 917 799 956 commemorare,
832 918 938 957 quae
969 904 1022 944 ad
1056 904 1227 945 Troiam
1258 905 1303 945 in
1333 905 1514 946 coneilio

184 976 215 1000 15
235 963 333 1000 ante
364 963 581 1013 sumptum
602 959 762 1000 bellum
792 959 882 1013 ipse
903 959 1125 1000 adversum
1154 960 1318 1015 legatos
1339 960 1514 1002 dixerat.

235 1030 283 1056 ea
313 1018 536 1069 postquam
558 1015 717 1055 Achilli
747 1015 946 1056 nuntiata
976 1018 1094 1069 sunt,
1126 1030 1202 1070 per
1224 1016 1514 1058 Automedon-

233 1074 321 1112 tem
351 1085 447 1111 eum
478 1071 633 1112 accersi
664 1071 800 1124 iubet,
832 1071 922 1124 ipse
953 1071 1141 1113 retinens
1169 1073 1331 1126 gremio
1363 1087 1515 1114 urnam

234 1141 330 1167 cum
361 1127 546 1168 Patrocli
578 1127 753 1168 ossibus.

347 1182 462 1223 XXI.
536 1183 674 1237 Igitur
731 1183 934 1238 ingressis
984 1183 1158 1224 ducibus
1206 1184 1364 1225 nostris
1420 1199 1515 1225 cum

183 1254 217 1278 20
235 1238 405 1280 Priamo
443 1253 516 1279 rex
546 1252 687 1293 genua
708 1239 867 1279 Achilli
898 1239 1094 1280 manibus
1125 1240 1368 1293 complexus
1399 1255 1516 1293 „non

233 1297 281 1335 tu
302 1294 436 1335 mihi“
457 1295 598 1348 inquit
627 1309 783 1348 „eausa
803 1295 977 1335 huiusce
1006 1295 1217 1348 fortunae,
1249 1295 1322 1335 sed
1342 1295 1517 1337 deorum

235 1351 465 1413 quispiam,
505 1351 578 1403 qui
605 1352 865 1413 postremam
905 1353 1088 1391 aetatem
1118 1365 1275 1404 meam,
1315 1365 1410 1392 cum
1441 1352 1517 1393 mi-

235 1407 364 1446 sereri
386 1406 568 1458 deberet,
601 1406 645 1446 in
666 1405 791 1447 hasce
824 1420 1046 1447 aerumnas
1075 1405 1248 1447 deduxit
1279 1407 1516 1449 confectam

235 1463 319 1502 iam
350 1476 397 1503 ac
428 1462 703 1516 defetigatam
732 1462 864 1503 tantis
895 1462 1078 1503 luctibus
1108 1462 1306 1503 filiorum.
1359 1464 1516 1517 quippe

184 1518 279 1558 35111
317 1518 383 1558 fisi
414 1532 546 1581 regno
584 1532 660 1572 per
698 1519 982 1571 iuventutem,
1023 1533 1118 1559 cum
1157 1532 1322 1572 semper
1357 1519 1516 1573 cupidi-

235 1576 342 1615 tates
382 1575 513 1614 animi
553 1574 888 1637 quoquomodo
937 1574 1104 1628 explere
1147 1575 1356 1629 gestiunt,
1404 1575 1516 1616 ultro

235 1630 315 1670 sibi
345 1630 536 1683 mihique
573 1631 804 1683 perniciem
835 1630 1066 1671 machinati
1105 1633 1215 1671 sunt.
1276 1645 1414 1685 neque
1445 1630 1516 1672 du-

235 1686 353 1726 bium
390 1686 606 1739 cuiquam,
656 1701 759 1739 quin
807 1687 1070 1739 contemptui
1115 1687 1171 1726 sit
1208 1686 1516 1728 adulescentiae

235 1744 406 1782 senecta
443 1744 569 1782 aetas.
631 1742 744 1795 quod
781 1742 814 1782 si
854 1742 1029 1783 interitu
1061 1756 1154 1782 meo
1186 1742 1339 1795 ieliqui
1371 1742 1515 1783 huius-

183 1810 217 1833 30
236 1797 350 1839 modi
380 1798 642 1839 facinoribus
670 1798 987 1851 temperabunt,
1020 1812 1086 1838 me
1118 1812 1306 1851 quoque,
1339 1799 1373 1839 si
1405 1798 1516 1839 vide-

233 1855 322 1906 tur,
355 1853 533 1894 exhibeo
565 1868 727 1907 poenae
758 1854 920 1907 mortis,
953 1854 1020 1894 cui
1050 1854 1204 1894 misero
1236 1854 1516 1909 confectoque

235 1910 497 1951 maeroribus
529 1923 675 1951 omnes
706 1924 941 1963 aerumnas,
975 1910 1128 1963 quibus
1159 1924 1272 1951 nunc
1294 1910 1515 1964 depressus

235 1966 575 2006 infelicissimum
606 1966 891 2019 spectaculum
917 1966 1163 2007 mortalibus
1195 1967 1389 2019 praebeo,
1422 1981 1516 2008 cum

325 2160 344 2189 3
371 2156 521 2189 humeris
550 2159 576 2189 G
597 2161 602 2200 Ι
625 2158 873 2199 sequebantur
889 2169 949 2191 om.
971 2158 1031 2189 ΗΒ
1063 2158 1204 2190 Deinde
1224 2159 1470 2200 sequebantur
1491 2160 1519 2190 P

234 2204 254 2233 4
279 2206 402 2234 uestes
437 2202 502 2235 ΗΒ
550 2204 663 2234 uestis
700 2204 732 2234 Ρ
849 2205 869 2235 8
907 2213 1053 2235 causam
1088 2204 1118 2234 P
1235 2206 1272 2235 13
1310 2203 1415 2235 docet
1455 2204 1516 2235 GB

235 2247 334 2278 dolet
362 2246 414 2288 ΙἸ
444 2249 584 2289 insequi
618 2252 654 2280 et
679 2249 774 2281 editi,
806 2253 882 2282 vell.
932 2248 1112 2290 sinequiet
1140 2249 1166 2280 G
1221 2250 1297 2280 sine
1331 2249 1452 2290 quiete
1489 2247 1517 2278 l?

235 2294 277 2323 30
303 2292 490 2324 uideretur
517 2293 579 2326 GR
606 2304 696 2325 corr.
724 2294 753 2323 P
