1621 2550
156 104 212 146 42
567 103 740 138 DIOTYS
766 102 1032 136 CRETENSIS

155 204 332 245 iniurias
362 204 535 258 ignaros
567 201 734 243 consilii
764 201 829 242 sui
858 205 1028 243 nostros
1068 205 1110 243 et
1148 203 1201 243 ob
1231 202 1275 243 id
1304 203 1437 244 otiose

155 263 326 315 agentes
375 260 483 300 clam
528 257 727 299 invadere
772 260 965 311 temptat.
1034 261 1078 299 at
1115 258 1190 299 ubi
1229 257 1376 300 Ulixes
1414 272 1439 299 a

155 315 420 368 custodibus,
453 314 526 368 qui
557 314 824 368 eruptionem
855 313 943 354 eius
973 317 1318 367 praesenserant,
1349 328 1440 355 rem

154 371 381 425 comperit,
411 384 591 424 propere
623 370 748 411 duces
787 369 1120 410 circumcursans
1149 384 1305 425 magna
1335 383 1438 412 voce

119 440 136 466 5
154 430 301 469 monet
337 429 465 480 atque
494 426 713 479 hortatur,
751 426 815 466 uti
845 425 972 466 armis
1009 426 1187 479 arreptis
1216 429 1439 468 tuerentur

155 497 264 536 sese,
305 481 402 524 dein
440 482 666 524 consilium
704 482 1005 534 inceptumque
1037 481 1219 522 Achillis
1257 481 1437 537 singulis

154 539 310 593 aperit:
351 552 435 593 quo
475 538 647 592 cognito
688 537 848 578 01311101
885 536 1038 591 ingens
1069 536 1205 577 oritur
1234 537 1439 579 festinan-

153 596 268 636 tibus
298 594 351 635 ad
380 608 498 635 arma
528 593 690 634 cunctis
722 606 769 634 ac
800 606 989 634 seorsum
1019 592 1100 633 sibi
1131 593 1310 648 singulis
1341 607 1439 634 con-

154 650 403 692 sulentibus.
454 650 515 691 ita
535 649 724 690 Achilles
755 662 980 702 praeverso
1012 647 1062 689 de
1093 662 1136 689 se
1167 649 1334 702 nuntio,
1364 649 1439 690 ubi

103 719 136 744 10
156 720 302 748 omnes
332 706 378 747 in
399 705 526 747 armis
557 708 657 746 sunt
677 719 814 759 neque
843 707 995 746 conata
1015 705 1242 758 procedere
1264 708 1438 759 queunt,

153 763 409 816 intemptato
440 762 615 817 negotio
647 762 699 802 ad
737 761 924 802 tentoria
953 760 1203 815 regreditur.
1264 775 1311 802 ac
1341 775 1441 803 mox

155 818 279 860 duces
309 818 446 859 nostri
476 818 558 859 rati
596 817 821 871 repentino
853 831 1025 858 suorum
1064 816 1247 858 clamore
1277 817 1440 858 moveri

153 874 330 916 Ilienses
384 877 426 915 et
472 875 526 915 ob
579 873 623 914 id
666 873 768 915 novi
821 872 924 927 quid
968 872 1132 927 negotii
1177 873 1437 927 incepturos,

155 929 373 985 augendae
405 929 620 971 custodiae
651 943 776 970 causa
805 929 983 969 mittunt
1021 928 1124 970 duos
1158 929 1310 970 Aiaces
1341 928 1443 970 Dio·

106 997 140 1023 15
157 986 309 1027 meden
339 989 466 1039 atque
498 984 675 1027 Ulixen:
707 984 836 1038 hique
867 985 980 1025 inter
1009 999 1052 1025 se
1083 985 1325 1040 regionem,
1358 999 1441 1038 qua

155 1042 294 1083 aditus
308 1041 504 1083 hostibus
526 1044 628 1095 erat,
651 1041 920 1095 dispertiunt.
959 1054 1066 1094 quae
1088 1055 1154 1082 res
1175 1055 1265 1082 non
1284 1041 1443 1082 frustra

155 1112 227 1140 eos
257 1097 420 1139 habuit.
488 1111 672 1151 namque
713 1096 825 1151 apud
863 1096 1036 1138 Troiam
1073 1096 1233 1138 Hector
1272 1111 1443 1138 causam

154 1154 362 1195 tumultus
394 1168 541 1195 eorum
580 1153 757 1207 cupidus
786 1153 1059 1207 persciscere,
1095 1153 1231 1194 filium
1261 1152 1443 1194 Eumedi

154 1210 368 1252 Dolonem
406 1209 550 1251 multis
581 1209 780 1264 praemiis
808 1209 1112 1263 promissisque
1152 1209 1357 1250 inlectum
1388 1208 1442 1250 ad

103 1277 136 1303 20
154 1269 417 1321 postremum
447 1266 510 1307 uti
542 1266 809 1320 exploratum
839 1280 904 1306 res
935 1265 1194 1306 Graecorum
1225 1264 1442 1320 egredere-

154 1326 226 1364 tur
254 1322 406 1363 mittit:
438 1322 557 1376 isque
578 1336 664 1363 non
696 1322 823 1376 longe
855 1336 880 1362 a
907 1321 1088 1362 navibus
1117 1320 1265 1362 avidus
1294 1321 1444 1376 ignara

155 1377 460 1433 cognoscendi,
492 1377 592 1418 dum
622 1377 740 1431 cupit
770 1377 953 1431 suscepti
977 1377 1142 1431 negotii
1171 1376 1299 1418 fidem
1329 1391 1442 1418 00111-

155 1435 291 1488 plere,
337 1435 383 1475 in
427 1448 578 1475 manus
616 1433 857 1487 Diomedis,
905 1433 977 1487 qui
1028 1447 1124 1474 eum
1168 1433 1310 1475 locum
1348 1447 1444 1474 cum

156 1490 283 1532 Ulixe
314 1490 597 1543 custodiebat,
630 1489 819 1531 devenit:
859 1503 907 1530 ac
944 1503 1044 1531 mox
1074 1489 1126 1530 ab
1158 1489 1224 1531 his
1255 1503 1443 1543 compre-

105 1557 139 1583 25
158 1546 316 1588 hensus
347 1546 477 1588 refert
507 1549 661 1587 cuncta
691 1548 817 1600 atque
849 1545 1066 1587 occiditur.

269 1602 512 1644 XXXVIII.
572 1602 684 1643 Dein
726 1602 871 1643 diebus
911 1601 1075 1656 aliquot
1120 1602 1166 1642 in
1207 1601 1294 1644 otio
1332 1601 1445 1643 tritis

155 1659 378 1713 productio
410 1659 630 1712 utriusque
663 1658 870 1699 exercitus
892 1661 1189 1711 praeparatur:
1222 1657 1443 1712 divisoque

156 1716 269 1756 inter
298 1729 341 1756 se
372 1729 542 1768 campo,
576 1714 649 1768 qui
679 1713 842 1755 medius
872 1713 985 1754 inter
1009 1712 1181 1755 Troiam
1211 1716 1338 1768 atque
1370 1728 1442 1754 na·

159 1785 228 1813 ves
258 1771 494 1824 interiacet,
525 1771 598 1811 ubi
629 1772 796 1824 tempus
817 1768 1002 1810 bella-ndi
1025 1769 1258 1823 videbatur,
1289 1783 1444 1825 magna

104 1837 138 1864 30
157 1841 258 1869 cura
287 1827 509 1868 universus
540 1826 661 1867 miles
691 1826 923 1867 instructus
946 1826 1071 1866 armis
1103 1826 1316 1880 utrimque
1347 1840 1443 1880 pro-

156 1884 315 1925 cedere.
367 1883 464 1924 dein
495 1883 617 1938 signo
641 1882 738 1923 dato
762 1881 947 1922 densatis
978 1881 1192 1923 frontibus
1214 1882 1442 1924 conflixere

156 1940 286 1993 acies,
327 1939 559 1994 composite
602 1938 774 1980 Graecis
819 1952 865 1979 ac
905 1938 1084 1993 singulis
1130 1953 1207 1992 per
1248 1937 1444 1980 distribu-

155 1997 318 2037 tionem
355 1995 533 2050 imperia
571 1994 724 2036 ducum
773 1994 1117 2048 exsequentibus,
1165 1996 1314 2036 contra
1354 1994 1444 2036 sine

156 2052 282 2093 modo
314 2054 440 2106 atque
472 2051 618 2093 ordine
656 2051 847 2092 barbaris
886 2051 1120 2091 ruentibus.
1183 2054 1367 2092 ceterum
1399 2051 1445 2091 in

107 2118 139 2145 ³5
159 2123 207 2150 ea
237 2121 384 2163 pugna
413 2107 627 2149 interfecti
659 2107 878 2161 utriusque
909 2107 1041 2161 partis
1071 2107 1196 2148 multi
1227 2106 1442 2157 mortales,

158 2179 253 2206 cum
274 2179 411 2219 neque
443 2164 700 2206 instantibus
723 2163 939 2204 cederetur
963 2166 1004 2204 et
1025 2162 1218 2217 exemplo
1242 2163 1444 2204 strenuis-

157 2221 252 2262 simi
292 2221 513 2274 cuiusque,
556 2221 628 2274 qui
668 2220 785 2261 iuxta
831 2222 1004 2261 steterat
1042 2220 1316 2273 aequiperare
1356 2218 1445 2274 glo-

251 2325 290 2356 18
318 2323 449 2356 eumeli
479 2324 553 2357 OB.
