1621 2550
228 98 282 139 92
638 99 812 132 morrs
840 98 1106 132 CRETENSIS

261 198 269 205 .
306 198 313 205 .
720 162 761 195 Ψ
795 198 802 205 .
1272 198 1279 205 .

229 198 470 239 divinarum
506 200 753 252 portentum
790 211 961 252 ingens:
999 212 1182 252 namque
1220 213 1304 239 aris
1342 213 1515 253 compo-

231 255 313 296 sita
333 269 549 296 sacrorum
570 256 773 295 consueta
792 268 892 295 mox
912 253 1124 302 subiectus
1154 254 1267 309 ignis
1289 268 1378 296 non
1400 269 1514 296 com-

229 309 491 364 prehendere
520 324 660 363 neque
691 324 956 362 consumere,
997 310 1061 350 uti
1091 313 1236 362 antea,
1272 311 1345 351 sed
1374 325 1514 364 asper—

229 366 336 408 nari.
402 380 485 420 qua
526 380 570 406 re
615 366 775 407 turbati
818 366 1066 420 populareS,
1112 367 1238 407 simul
1281 367 1344 408 uti
1387 367 1515 408 fidem

194 434 210 458 5
229 422 372 463 nuntii
401 424 639 475 noscerent,
671 421 724 463 ad
745 437 860 462 aram
882 422 1096 475 Apollinis
1121 422 1354 475 confluunt,
1386 425 1514 476 atque

228 478 289 519 ibi
319 478 597 532 superpositis
618 480 812 518 extorum
832 478 1023 531 partibus
1044 478 1117 518 ubi
1144 478 1314 518 flamma
1342 478 1514 520 admota

229 536 304 587 est,
337 537 511 588 repente
545 536 708 587 cuncta,
740 548 846 587 quae
877 533 1058 587 inerant,
1091 533 1329 575 disturbata
1350 532 1403 574 ad
1432 536 1514 575 ter-

228 604 320 631 ram
350 590 561 631 decidunt.
622 604 705 643 quo
737 589 976 643 spectaculo
1007 589 1210 643 perculsis
1249 592 1376 644 atque
1407 592 1516 632 atto-

229 646 331 686 nitis
371 646 567 686 omnibus
620 646 760 687 subito
808 645 898 686 avis
943 645 1085 699 aquila
1132 645 1311 686 stridore
1355 659 1514 701 magno

179 715 211 739 10
229 702 423 743 immittit
462 716 550 743 sese
589 704 715 756 atque
747 704 940 743 extorum
971 704 1134 755 partem
1174 702 1302 756 eripit
1330 716 1514 756 moxque

230 758 507 812 supervolans
538 757 591 799 ad
620 772 750 799 naves
781 757 1042 799 Graecorum
1079 759 1239 820 pergit,
1278 758 1421 812 ibique
1451 773 1516 799 ra-

229 817 351 868 ptum
382 814 553 855 omittit.
614 814 657 855 id
677 829 777 855 vero
808 814 978 854 barbari
1008 828 1098 855 non
1130 829 1214 855 13111
1245 814 1336 855 leve
1367 816 1441 854 aut
1469 814 1516 855 in

231 871 432 923 obscuro,
471 870 543 911 sed
580 870 722 924 palam
759 870 1046 923 perniciosum
1095 870 1274 911 credere.
1342 869 1516 911 interim

231 925 459 967 Diomedes
493 940 588 966 011111
620 925 744 967 Ulixe
776 925 1090 966 dissimulantes
1122 940 1228 979 quae
1260 926 1518 980 gerebantur

182 994 213 1019 15
235 982 507 1023 obambulare
550 982 596 1022 in
641 982 736 1023 foro
778 981 1164 1036 circumspicientes
1210 982 1515 1036 laudantesque

229 1038 447 1091 praeclara
468 1052 644 1092 operum
665 1038 848 1079 civitatis
870 1039 971 1079 eius.
1023 1040 1066 1079 at
1093 1038 1204 1092 apud
1224 1053 1354 1079 naves
1375 1038 1515 1092 auspi-

232 1094 297 1135 cio
329 1094 405 1135 tali
436 1094 610 1135 monitis
642 1094 832 1136 omnium
863 1094 1014 1135 animis
1041 1093 1230 1147 Calchas,
1262 1095 1325 1136 uti
1355 1094 1519 1136 bonum

230 1150 420 1191 animum
458 1153 673 1205 gererent,
711 1150 927 1204 hortatur,
965 1151 1085 1191 brevi
1123 1150 1280 1204 quippe
1321 1150 1518 1192 dominos

231 1207 323 1247 fore
355 1221 514 1260 eorum,
547 1221 654 1260 quae
685 1206 797 1261 apud
827 1206 999 1248 Troiam
1030 1209 1182 1247 essent.

179 1275 212 1301 20
343 1262 464 1304 VIII.
507 1262 630 1304 Cetei
634 1278 704 1304 um
725 1262 901 1304 Hecuba
921 1277 965 1303 16
988 1263 1161 1317 cognita
1180 1262 1395 1316 placatum
1418 1262 1519 1303 deos

231 1319 448 1374 egreditur
485 1333 532 1360 ac
562 1320 788 1372 praecipue
819 1318 1059 1359 Minervam
1099 1321 1224 1372 atque
1256 1318 1517 1373 Apollinem,

231 1375 325 1429 quis
358 1390 453 1416 cum
486 1375 598 1416 dona
634 1375 788 1428 multa,
826 1377 917 1416 tum
956 1374 1150 1415 victimas
1182 1374 1346 1428 opimas
1377 1374 1518 1416 admo-

230 1433 312 1472 vet.
372 1431 443 1472 sed
482 1432 527 1472 in
566 1431 774 1472 adolendo
815 1446 922 1485 quae
953 1445 1072 1472 sacra
1106 1431 1189 1472 aris
1220 1430 1518 1483 reddebantur,

232 1487 379 1529 eodem
400 1487 527 1529 modo
558 1487 767 1542 restingui
797 1488 917 1542 ignes
944 1501 991 1528 30
1020 1491 1195 1541 repente
1217 1487 1392 1528 interire
1424 1487 1516 1528 visi.

181 1555 214 1581 25
232 1543 345 1585 inter
382 1558 489 1598 quae
527 1546 616 1584 tam
646 1544 830 1585 sollicita
861 1543 1098 1585 Cassandra
1135 1543 1212 1584 deo
1243 1543 1371 1597 plena
1402 1543 1520 1584 victi-

231 1615 321 1641 mas
352 1600 405 1641 ad
434 1599 632 1641 Hectoris
671 1600 884 1641 tumulum
922 1600 1144 1641 transferii
1178 1600 1378 1653 imperat:
1419 1599 1520 1641 deos

234 1656 391 1710 quippe
431 1657 648 1710 aspernari
687 1657 773 1697 iam
811 1656 1016 1697 sacrificia
1046 1656 1292 1711 indignatos
1323 1655 1376 1696 ob
1408 1670 1521 1697 00111-

233 1712 410 1753 missum
440 1713 567 1766 paulo
604 1715 702 1753 ante
740 1712 875 1753 scelus
919 1713 966 1753 in
1003 1712 1262 1766 Apollinem.
1330 1712 1390 1752 ita
1428 1714 1520 1752 tau-

233 1769 311 1822 ris,
352 1769 425 1822 qui
463 1768 672 1810 immolati
710 1771 849 1823 erant,
882 1768 934 1809 ad
963 1782 1115 1823 rogum
1144 1767 1361 1820 Hectoiis,
1393 1767 1520 1809 sicuti

181 1825 540 1878 30imper·,abatui
580 1825 814 1879 adpoitatis
845 1839 1027 1878 moxque
1068 1825 1158 1879 igni
1189 1824 1379 1865 subiecto
1420 1838 1520 1865 con·

234 1884 460 1922 sumuntur
490 1884 655 1922 cuncta.
714 1881 826 1934 inde,
857 1881 931 1922 ubi
962 1896 1046 1921 13111
1068 1884 1322 1934 vesperarat,
1346 1880 1520 1922 domum

235 1937 478 1978 discessum.
547 1940 673 1991 atque
724 1936 869 1978 eadem
914 1941 1039 1978 nocte
1078 1939 1274 1978 Antenor
1321 1936 1430 1978 013111
1473 1936 1520 1977 111

233 1994 441 2047 templum
463 1993 682 2035 Minervae
704 1994 833 2047 venit,
866 1994 938 2035 ubi
960 1993 1104 2034 multis
1126 1993 1322 2047 precibus
1352 1993 1394 2033 vi
1416 1993 1520 2033 mix-

233 2050 288 2091 tis
319 2050 508 2104 Theano,
541 2065 648 2104 quae
679 2050 716 2091 ei
747 2050 907 2104 templo
939 2050 1133 2091 sacerdos
1164 2052 1265 2103 erat,
1297 2049 1519 2103 persuasit,

323 2175 411 2207 VIII
438 2175 561 2210 Malal.
590 2178 654 2209 138
682 2177 744 2207 143
771 2175 922 2207 Cedren.
949 2177 977 2207 P
1006 2177 1066 2207 131

326 2278 366 2308 12
392 2287 463 2308 non
489 2280 562 2308 tam
592 2277 652 2308 GR
755 2278 795 2308 14
821 2275 1094 2309 dissimulanter
1121 2276 1147 2309 G
1180 2280 1325 2309 nostrum
1352 2276 1378 2307 Β
1478 2275 1520 2307 17

236 2320 395 2364 monitis]
421 2322 529 2355 motis
561 2323 600 2354 V.
