1621 2550
242 93 268 135 8
531 96 534 100 ’
649 93 824 127 DICTYS
849 93 1117 127 CRETENSIS

241 193 462 235 maiorum.
522 192 718 234 Danaum
746 192 860 233 enim
889 195 1016 246 atque
1036 193 1281 247 Agenorem
1311 196 1355 235 et
1382 193 1444 235 sni
1473 197 1516 236 et

241 249 400 290 Priami
438 249 605 304 generis
645 250 837 289 auctores
877 261 985 288 esse:
1030 262 1215 302 namque
1254 262 1306 290 ex
1334 249 1516 291 Hesiona

241 304 381 346 Danai
410 305 499 345 filia
519 307 561 344 et
581 303 756 344 Atlante
777 302 991 344 Electram
1011 306 1171 358 natam,
1193 318 1320 358 quam
1345 319 1392 346 ex
1412 304 1516 347 Iove

243 359 460 415 gravidam
480 358 728 400 Dardanum
757 359 974 413 genuisse:
1006 373 1057 399 ex
1090 373 1174 413 quo
1195 359 1303 402 Tros
1333 362 1372 402 et
1400 359 1516 402 dein-

209 430 339 470 5ceps
369 414 550 456 insecuti
579 428 700 469 reges
729 414 794 455 Ili.
855 414 1067 469 Agenoris
1105 429 1233 469 porro
1264 415 1514 470 Taygetam.

242 485 334 512 eam
365 485 416 512 ex
444 470 545 512 Iove
576 470 773 511 habuisse
794 448 1168 525 Lacedaemonem,
1199 486 1250 513 ex
1281 485 1360 526 quo

241 527 349 568 clam
379 530 528 568 natum
559 528 601 567 et
621 539 671 566 ex
702 539 751 566 eo
772 525 993 588 Argalum,
1023 504 1187 580 patrem
1209 526 1367 581 Oebali,
1389 541 1515 581 quem

241 582 440 637 Tyndari,
471 596 522 623 ex
552 595 635 635 quo
666 582 758 635 ipsa
787 581 933 636 genita
961 581 1195 637 videretur,
1226 585 1387 637 patrem
1416 596 1515 624 con-

242 641 382 679 staret.
450 637 668 691 repetebat
714 637 843 678 etiam
887 651 982 678 cum
1018 637 1196 701 Hecuba
1233 638 1411 680 materni
1448 651 1519 693 ge·

192 709 224 732 10
242 694 355 735 neris
395 693 667 734 adfinitatem.
719 693 931 747 Agenoris
971 693 1127 747 quippe
1166 695 1299 735 filium
1335 693 1518 735 Phoeni-

242 764 333 791 cem
354 752 395 790 et
415 749 590 803 Dymae,
612 749 744 802 patris
765 748 977 802 Hecubae,
999 753 1041 790 et
1061 749 1197 791 Ledae
1218 750 1518 805 consanguini-

240 806 340 847 tatis
372 805 583 860 originem
603 804 806 845 divisisse.
856 808 1084 859 postquam
1103 805 1345 847 memoriter
1366 809 1520 846 cuncta

240 861 442 913 retexuit,
474 860 527 902 ad
555 863 818 914 postremum
854 861 960 901 flens
989 874 1122 914 orare,
1151 875 1218 915 ne,
1250 875 1358 916 quae
1389 860 1537 910 semel,

241 917 286 958 in
315 894 442 958 fideni
473 930 619 957 eorum
648 918 818 969 recepta
857 919 986 969 esset,
1016 894 1276 970 prodendam
1305 919 1518 980 putarent

191 985 222 1010 15
242 986 290 1013 ea
333 986 476 1013 secum
514 971 639 1012 domo
678 971 861 1012 Menelai
906 971 1145 1026 adportata,
1198 987 1306 1027 quae
1348 971 1521 1026 propria

240 1027 440 1081 fuissent,
485 1027 595 1068 nihil
631 1030 799 1081 praeter
836 1041 884 1068 ea
922 1027 1120 1069 ablatum.
1181 1028 1254 1070 sed
1284 1031 1428 1069 utrum
1457 1029 1520 1069 in-

239 1084 407 1125 modico
439 1097 581 1125 amore
606 1082 851 1137 Alexandri,
883 1097 938 1124 an
968 1088 1108 1126 timore
1137 1098 1384 1147 poenarum,
1415 1097 1520 1137 quas

242 1140 295 1181 ob
334 1139 539 1180 desertam
578 1138 749 1180 domum
789 1154 813 1180 a
851 1139 1031 1195 coniuge
1067 1141 1303 1194 metuebat,
1341 1140 1401 1181 ita
1439 1140 1520 1181 sibi

240 1195 461 1237 consulere
491 1194 707 1248 maluerit,
738 1209 888 1249 parum
918 1196 1150 1237 constabat.

190 1264 222 1288 20
353 1250 405 1292 X.
454 1250 592 1314 Igitur
623 1250 809 1304 Hecuba,
841 1251 1014 1306 cognita
1044 1252 1278 1305 voluntate,
1309 1251 1435 1292 simul
1467 1251 1520 1292 ob

240 1307 407 1362 generis
445 1307 810 1360 coniunctionem,
841 1307 1048 1360 conplexa
1076 1306 1306 1359 Helenam,
1343 1321 1397 1348 ne
1426 1320 1522 1361 pro-

240 1363 422 1415 deretur,
452 1363 627 1403 summis
659 1362 810 1416 opibus
841 1362 1133 1403 adnitebatur.
1165 1376 1260 1404 cum
1291 1363 1376 1403 iam
1405 1361 1522 1404 Pria·

238 1432 332 1459 mus
363 1421 406 1459 et
434 1418 587 1472 reliqui
617 1418 754 1473 reguli
783 1432 873 1459 non
910 1418 1091 1472 amplius
1127 1417 1380 1460 differendos
1408 1418 1521 1474 lega-

238 1477 306 1515 tos
336 1473 525 1515 dicerent
543 1487 681 1527 neque
663 1452 983 1515 ”resistendum
1004 1474 1274 1529 popularium
1295 1474 1521 1528 voluntati,

188 1541 220 1567 25
239 1530 330 1571 3010
363 1529 554 1571 omnium
577 1529 804 1584 Deiphobo
825 1529 1024 1571 Hecubae
1054 1530 1247 1583 adsenso,
1277 1544 1404 1583 quem
1433 1544 1523 1572 non

239 1585 362 1627 aliter
391 1588 518 1640 atque
539 1585 831 1627 Alexandrum
850 1585 1040 1627 Helenae
1072 1563 1324 1628 desiderium
1353 1600 1378 1627 a
1406 1588 1522 1628 recto

240 1641 419 1682 consilio
450 1641 761 1695 praepediebat.
812 1642 956 1695 itaque
987 1655 1082 1682 cum
1114 1642 1325 1683 obstinate
1345 1641 1523 1683 Hecuba

238 1710 353 1738 nunc
373 1696 603 1749 Priamum,
634 1696 760 1738 modo
790 1696 901 1738 filios
930 1697 1236 1750 deprecaretur,
1267 1697 1392 1739 modo
1424 1711 1521 1739 con-

238 1752 367 1807 plexu
405 1753 495 1794 eius
525 1752 644 1793 nulla
687 1752 852 1793 ratione
890 1751 1032 1793 divelli
1071 1756 1233 1807 posset,
1270 1767 1417 1795 omnes
1449 1754 1521 1808 qui

188 1821 221 1847 30
241 1808 418 1850 oderant
447 1808 493 1849 in
522 1808 788 1850 voluntatem
818 1822 937 1849 suam
967 1808 1218 1850 transduxit.
1277 1809 1336 1850 ita
1366 1809 1418 1850 ad
1448 1823 1521 1863 po-

240 1867 443 1906 stremum
473 1864 635 1906 bonum
655 1864 873 1918 publicum
893 1867 1086 1906 materna
1116 1865 1252 1920 gratia
1275 1868 1521 1920 corruptum

239 1924 313 1962 est.
365 1919 515 1961 deinde
545 1923 712 1983 postero
753 1919 818 1961 die
849 1919 1068 1961 Menelaus
1099 1935 1193 1962 611111
1225 1921 1310 1962 31113
1349 1921 1395 1962 111
1424 1935 1523 1962 con-

240 1977 403 2018 tionem
442 1977 580 2030 venit,
619 1976 844 2031 coniugem
891 1980 933 2018 et
971 1991 1077 2030 quae
1122 1991 1217 2018 eum
1263 1991 1311 2018 ea
1347 1977 1523 2031 abrepta

330 2080 349 2110 2
375 2089 511 2112 exsona
538 2078 565 2111 G
614 2089 657 2111 ex
688 2079 771 2110 iona
803 2078 835 2109 B
883 2089 926 2112 ex
957 2079 1120 2112 Hesiona
1156 2081 1303 2111 restituit
1340 2078 1524 2111 Obrechtus

239 2125 259 2156 3
286 2122 451 2156 athlante
479 2123 506 2155 G
613 2126 633 2155 5
659 2123 721 2155 alii
749 2122 810 2155 GR
857 2123 916 2156 Ilii
941 2125 973 2155 P
1085 2125 1106 2156 6
1131 2124 1428 2156 lacedaemonum
1461 2123 1523 2155 GB

240 2179 283 2201 ex
309 2178 381 2210 qua
398 2168 574 2210 amyclum
596 2168 658 2199 GB
742 2170 761 2200 7
787 2167 911 2200 debali
937 2168 998 2201 GB
1083 2171 1125 2201 10
1149 2168 1257 2201 filiam
1276 2169 1304 2201 G
1350 2168 1523 2201 Phineum

240 2217 277 2246 et
308 2212 522 2245 Phoenicem
555 2213 751 2253 Mercerus,
790 2212 963 2245 Phineum
995 2213 1177 2246 obv-eomas
1270 2216 1310 2246 13
1342 2223 1387 2245 ne
1414 2217 1470 2256 que
1495 2213 1523 2245 G

240 2259 280 2290 17
308 2268 354 2290 an
379 2259 505 2290 timore
533 2257 575 2290 6²
601 2257 706 2299 (‘¹'¹¹¹²⁰‘⁰
732 2260 763 2289 2.
788 2269 828 2292 m.
858 2269 932 2300 sup.
963 2259 1048 2298 scr.)
1079 2261 1176 2301 1111190
1203 2268 1400 2301 poenarum
1424 2261 1523 2290 metu

239 2304 282 2335 ‘29
306 2303 452 2335 racione
480 2303 507 2335 G
554 2302 691 2335 deuelli
718 2303 757 2335 G.
779 2305 810 2337 1.
835 2314 874 2335 m.
899 2303 972 2335 diu.
996 2306 1029 2335 2.
1047 2315 1086 2335 m.
1179 2305 1222 2336 32
1248 2306 1430 2346 postremo
1450 2302 1523 2335 GB.
