1621 2550
457 533 616 582 Index
651 534 913 582 nominum
952 542 999 582 et
1034 551 1217 583 rerum.

703 632 796 659 Liber
815 635 844 659 et
864 637 965 664 caput.

193 736 343 778 Abydus
368 736 399 767 V
426 737 466 767 16

193 780 350 813 Acamas
382 780 563 813 Thracum
595 789 675 819 rex,
712 779 803 811 Eus-

216 826 290 858 sori
306 824 402 857 filius
424 826 460 858 11
478 826 521 858 35
546 823 592 855 ab
610 824 803 857 Idomeneo

213 869 432 902 interficitur
455 870 510 902 ΙΙΙ
535 871 555 900 4

192 914 352 946 Acamas
382 918 417 946 et
448 913 688 956 Demophoon
719 914 736 945 Ι
765 914 806 944 14

215 959 325 992 Troia
342 962 451 1001 capta
468 958 643 991 Aethram
667 960 704 990 et
722 957 806 997 Cly-

215 1013 359 1035 menam
391 1003 597 1036 habuerunt
622 1004 653 1035 V
679 1004 718 1035 13
756 1002 801 1034 ab

215 1048 503 1081 Atheniensibus
527 1058 599 1080 non
620 1047 802 1089 recipiun-

216 1096 274 1124 tur
299 1093 348 1124 VI
372 1094 392 1124 2

191 1137 402 1169 Acarnania
426 1137 443 1169 Ι
470 1138 509 1168 17

190 1182 347 1214 Acastus
372 1181 522 1214 Peleum
554 1191 667 1223 regno
693 1190 805 1223 expu-

214 1226 258 1258 lit
282 1227 332 1258 VI
351 1227 369 1258 7
403 1226 482 1258 eius
506 1225 574 1258 filii
598 1226 686 1258 V18
710 1226 803 1258 Neo-

214 1270 373 1313 ptolemo
399 1280 549 1313 regnum
568 1270 720 1303 reddere
740 1269 797 1301 de-

215 1316 278 1348 bet
302 1316 352 1348 VI
376 1317 396 1348 9

191 1359 333 1392 Achaia
365 1361 387 1392 z'.
413 1371 445 1402 q.
478 1359 635 1391 Graecia
664 1359 803 1400 Proloy.

191 1404 355 1437 Achilles
380 1403 476 1436 filius
493 1404 598 1436 Pelei
623 1406 659 1435 et
677 1403 805 1436 Theti-

213 1449 270 1482 dis
294 1449 312 1481 Ι
332 1450 374 1481 14
414 1459 458 1481 ex
489 1449 687 1491 Pelasgico
719 1448 735 1480 Ι
763 1449 802 1480 17

214 1494 362 1526 navium
387 1493 598 1536 praefectus
630 1492 806 1534 deligitur

213 1539 231 1571 I
247 1539 287 1570 16
300 1537 512 1581 praeclarus
522 1539 656 1570 virtute
671 1538 803 1570 113.12

213 1583 430 1625 Iphigeniae
456 1582 695 1616 immolationi
712 1582 803 1614 resi·

215 1628 282 1660 stit
304 1628 322 1660 I
340 1629 381 1660 22
413 1628 584 1660 irascitur
613 1627 805 1670 Agamem·

216 1673 304 1705 noni
369 1671 642 1714 expeditionem
701 1681 803 1704 recu-

215 1717 330 1757 santi,
363 1716 408 1748 ab
435 1716 544 1749 Ulixe
577 1717 615 1747 in
648 1716 804 1758 gratiam

214 1761 399 1794 reducitur
414 1761 452 1793 11
465 1762 484 1793 9
507 1760 709 1802 Telephum
726 1759 803 1792 vul-

216 1809 322 1839 nerat
338 1805 375 1838 ΙΙ
392 1807 412 1838 3
439 1808 567 1847 postea
585 1809 690 1838 curat
706 1805 742 1837 11
762 1806 802 1836 10

215 1861 339 1883 curam
376 1849 465 1883 belli
499 1850 667 1882 Troianis
708 1849 801 1882 inse-

213 1895 318 1928 rendi
342 1894 455 1928 habet
472 1895 507 1927 11
525 1896 545 1928 9
563 1894 724 1936 Cycnum
750 1896 801 1926 in-

212 1939 347 1973 terficit
364 1939 402 1972 11
418 1941 458 1972 12
477 1940 658 1982 proximas
669 1939 802 1971 Troiae

213 1986 389 2018 civitates
413 1988 597 2027 expugnat
623 1988 660 2016 et
677 1987 803 2016 vastat

213 2031 249 2063 11
276 2031 316 2062 16
352 2030 576 2071 Astynomen
612 2028 802 2071 Hippoda-

212 2076 320 2107 miam
340 2078 378 2107 et
395 2073 633 2107 Diomedeam
652 2074 804 2106 abducit

214 2119 329 2152 etsibi
345 2120 478 2152 retinet
492 2119 643 2153 1117.19
653 2119 803 2160 Agame-

211 2174 378 2196 mnonem
403 2168 440 2197 et
464 2163 673 2196 Menelaum
697 2163 804 2196 vehe-

211 2209 435 2241 mentissime
450 2209 637 2251 impugnat
652 2208 750 2242 1129.
761 2209 801 2241 31

215 2254 295 2286 eius
322 2254 378 2286 ira
397 2254 441 2286 ob
460 2254 648 2295 abreptam
666 2253 804 2295 Hippo-

213 2297 370 2330 damiam
396 2298 491 2331 1133
532 2308 695 2331 seorsum
728 2308 804 2329 ma-

895 738 957 767 net
973 735 1010 768 11
1027 736 1069 768 36
1087 735 1240 768 insidias
1259 737 1365 768 struit
1381 747 1485 769 exer·

896 781 987 811 citui
1012 780 1048 812 11
1071 782 1113 813 37
1150 780 1289 822 legatio
1321 779 1481 814 Graeco-

896 834 973 856 rum
998 823 1046 855 ad
1071 834 1152 856 eum
1181 825 1217 857 ΙΙ
1240 826 1283 857 48
1325 825 1484 858 flectitur

896 870 952 900 ira
982 869 1019 901 ΙΙ
1041 869 1083 901 52
1130 869 1314 909 Polyxena
1360 879 1480 902 amore

898 913 1043 954 capitur
1073 913 1127 945 111
1151 914 1170 944 2
1224 913 1483 955 Pylaemenem

898 957 1036 989 occidit
1061 957 1117 989 111
1142 960 1162 990 5
1188 958 1362 991 Hectoris
1388 959 1483 990 auri-

895 1012 977 1044 gam
1002 1001 1184 1042 intefficit,
1213 1002 1345 1035 multos
1370 1003 1483 1036 duces

896 1046 1016 1078 fundit
1051 1046 1251 1079 Hectorem
1287 1049 1324 1079 in
1356 1047 1482 1090 fugam

896 1092 1008 1123 vertit
1032 1090 1124 1123 1116
1156 1091 1201 1124 ab
1234 1092 1376 1124 Heleno
1408 1091 1486 1124 vul-

895 1139 1044 1168 neratur
1067 1136 1124 1168 111
1146 1137 1166 1167 6
1202 1136 1365 1169 Patrocli
1395 1147 1486 1170 mor·

896 1184 970 1212 tem
995 1180 1098 1222 luget
1127 1180 1183 1213 111
1209 1182 1248 1212 11
1286 1181 1484 1214 Hectorem

898 1235 941 1257 ex
966 1225 1111 1258 insidiis
1136 1224 1312 1258 interficit
1331 1226 1483 1267 eiusque

896 1279 1027 1311 corpus
1069 1269 1324 1302 circumtrahit
1362 1269 1418 1302 111
1443 1271 1484 1303 15

895 1314 1059 1355 praemia
1085 1315 1326 1346 certaminum
1356 1315 1394 1346 in
1422 1313 1484 1346 ho·

895 1369 1018 1391 norem
1035 1357 1199 1391 Patrocli
1216 1358 1406 1391 distribuit
1430 1363 1486 1390 at-

896 1413 966 1444 que
993 1402 1089 1436 dona
1107 1403 1212 1435 offert
1237 1402 1292 1436 111
1311 1405 1352 1436 19
1377 1403 1484 1436 Pria-

896 1458 952 1480 mo
977 1447 1136 1490 supplici
1161 1458 1292 1490 corpus
1322 1447 1388 1480 filii
1412 1452 1486 1480 tra-

897 1492 949 1524 dit
973 1492 1029 1525 111
1046 1494 1088 1525 25
1113 1492 1385 1525 Penthesileam
1408 1492 1485 1526 vul—

897 1540 1004 1570 nerat
1028 1537 1079 1570 IV
1103 1539 1123 1570 3
1158 1538 1386 1570 Memnonem
1421 1537 1486 1570 ob-

897 1585 1046 1614 truncat
1075 1582 1126 1614 IV
1150 1583 1170 1614 6
1218 1582 1485 1625 Asteropaeum

897 1628 947 1660 IV
972 1628 991 1659 7
1017 1627 1228 1668 Lycaonem
1261 1631 1298 1659 et
1323 1627 1486 1659 Troilum

896 1671 1055 1713 iugulari
1079 1672 1184 1704 iubet
1207 1671 1258 1704 IV
1282 1673 1302 1704 9
1328 1671 1373 1703 ab
1399 1670 1484 1703 Ale·

897 1716 1034 1748 xandro
1060 1715 1281 1748 interficitur
1297 1716 1347 1748 IV
1362 1717 1402 1747 11
1430 1715 1485 1747 fu-

897 1770 964 1792 nus
989 1759 1143 1793 Achillis
1170 1760 1219 1792 IV
1239 1762 1279 1793 13
1304 1770 1377 1792 una
1403 1769 1485 1792 cum

895 1804 1068 1837 Patroclo
1100 1805 1137 1836 in
1162 1804 1273 1847 Sigeo
1305 1805 1485 1847 sepelitur

871 1894 1045 1926 Admetus
1077 1897 1184 1936 pater
1209 1893 1353 1926 Eumeli
1381 1895 1483 1926 vica-

894 1940 948 1971 ria
975 1942 1089 1971 morte
1117 1939 1283 1980 coniugis
1305 1939 1385 1971 fata
1402 1949 1486 1981 pro·

895 1984 974 2026 pria
998 1983 1203 2026 protulerat
1229 1983 1245 2015 1
1274 1985 1314 2015 14

871 2028 1053 2061 Adrastus
1100 2028 1262 2070 Meropis
1302 2027 1397 2061 filius
1440 2038 1485 2060 ex

894 2073 1064 2105 Adrestia
1089 2073 1126 2105 11
1150 2074 1193 2105 35

872 2118 1045 2151 Adrestia
1071 2117 1107 2150 11
1133 2119 1175 2150 35

873 2163 998 2195 Aeaea
1024 2162 1143 2194 insula
1170 2161 1293 2194 Circes
1319 2161 1369 2193 VI
1397 2163 1437 2194 15

873 2207 1073 2239 Aeantides
1099 2206 1192 2239 tilius
1218 2207 1338 2239 Aiacis
1373 2205 1483 2239 Tela-

897 2252 1009 2284 monii
1035 2255 1072 2284 et
1100 2251 1263 2284 Glaucae
1290 2252 1321 2283 V
1348 2253 1388 2283 16

875 2298 1060 2339 Aegaeum
1085 2307 1183 2328 mare
1210 2296 1258 2328 VI
1286 2298 1302 2328 1
