1621 2550
485 89 635 122 BELLI
659 89 864 122 TROIANI
888 90 978 122 LIB.
1006 91 1066 125 lV.
1363 93 1414 133 77

136 188 462 244 persentisceret
491 201 663 228 aversus
695 201 746 228 ue
778 202 802 228 a
832 187 956 240 duce,
987 187 1164 230 adsistit.
1215 189 1312 231 dein
1343 192 1415 232 ubi

137 249 306 299 tempus
352 243 489 284 visum
533 245 616 295 est,
704 242 911 296 eiphobus
955 243 1173 297 amplexus
1212 244 1415 287 inermem

136 300 334 342 iuvenem
385 299 542 353 quippe
593 298 639 340 in
692 312 811 339 sacro
848 299 1064 352 Apollinis
1109 299 1218 340 nihil
1263 300 1416 342 hostile

140 357 400 397 metuentem
437 354 672 395 exosculari
702 353 992 409 gratularique
1029 369 1156 408 super
1193 354 1278 408 his,
1311 370 1416 410 quae

140 410 438 462 consensisset,
467 423 606 464 neque
627 409 679 450 ab
710 423 759 451 eo
781 408 926 450 divelli
946 413 1020 450 aut
1050 411 1257 464 omit-tere,
1280 412 1419 465 quoad
1437 424 1452 446 ⁵

139 466 384 508 Alexander
404 465 558 506 librato
580 464 722 521 gladio
739 479 1075 519 procurrensque
1103 465 1324 507 adversum
1345 467 1419 508 ho-

140 524 249 564 stem
285 535 362 576 per
403 524 629 575 utrumque
667 521 776 562 latus
814 521 1030 576 geminato
1070 521 1156 562 ictu
1194 523 1417 577 transfigit.

139 580 183 619 at
212 578 287 619 ubi
317 577 573 619 dissolutum
595 576 841 618 vulneribus
871 576 1217 629 animadvertere,
1249 591 1270 618 e
1300 581 1419 631 parte

138 633 240 687 alia,
280 647 407 687 quam
444 635 670 685 venerant,
709 635 939 686 proruunt:
987 647 1030 673 re
1069 633 1127 674 ita
1158 633 1341 674 maxima
1380 637 1422 674 et

138 703 265 743 super
294 691 395 730 vota
426 688 617 729 omnium
637 687 837 744 perfecta,
870 688 914 728 in
935 688 1152 729 civitatem
1182 691 1416 730 recurrunt.
1440 700 1470 723 κν

139 758 246 798 quos
267 744 380 785 visos
405 741 553 784 Ulixes
573 757 690 796 „non
709 745 867 784 temere
889 745 994 796 est,“
1023 744 1175 797 inquit,
1206 743 1346 797 „quod
1377 744 1422 785 hi

137 799 299 840 turbati
320 813 367 840 ac
401 797 557 853 trepidi
587 802 760 852 repente
781 798 1057 852 p1·osiluere.“
1114 799 1211 840 dein
1242 800 1422 854 ingressi

138 855 282 896 lucum
323 854 793 908 circumspicientesque
836 854 1032 896 universa
1078 854 1423 896 animadvertunt

129 909 339 952 ‚Achillen
367 912 547 951 stratum
575 909 694 950 humi
730 923 986 964 exsanguem
1015 912 1141 964 atque
1172 910 1299 951 etiam
1329 913 1422 951 tuni

139 966 405 1008 seminecem.
447 969 538 1006 tum
556 966 666 1006 Aiax
693 965 830 1019 „fuit“
863 966 1004 1019 inquit
1027 966 1354 1018 „confirmatum
1375 980 1423 1007 ac
1442 977 1474 1002 15

140 1035 287 1063 verum
324 1035 400 1076 pei·
429 1020 630 1063 mortales
678 1021 843 1062 nullum
874 1021 1098 1062 hominum
1135 1022 1312 1063 existere
1350 1036 1423 1075 po-

138 1077 290 1130 tuisse,
323 1077 396 1131 qui
426 1080 467 1118 te
499 1091 598 1118 vera
623 1077 780 1118 virtute
812 1079 1048 1131 superaret,
1081 1077 1173 1129 sed,
1205 1080 1252 1118 ut
1282 1077 1423 1131 palam

141 1135 216 1186 est,
237 1135 312 1174 tua
332 1137 374 1173 te
395 1132 637 1174 inconsulta
659 1133 875 1174 temeritas
896 1132 1125 1186 prodidit.“
1162 1132 1258 1174 dein
1280 1133 1425 1174 Achil-

135 1188 199 1230 les
245 1190 479 1229 extremum
524 1188 662 1229 adhuc
701 1191 919 1229 retentans
957 1188 1153 1242 spiritum
1192 1188 1317 1241 „dolo
1356 1203 1423 1229 me

142 1259 168 1286 a
217 1258 270 1286 ue
307 1243 500 1285 insidiis‘<
542 1244 683 1298 inquit
718 1243 997 1298 „Deiphobus
1025 1247 1152 1298 atque
1182 1243 1424 1285 Alexander
1442 1256 1474 1280 ‘20

140 1299 204 1341 Po
221 1313 384 1354 yxenae
420 1300 559 1355 gratia
588 1300 944 1341 circumvene1·e.“
1009 1302 1102 1341 tum
1140 1300 1425 1354 exspirantem

142 1369 239 1397 eum
279 1355 409 1397 duces
446 1355 630 1409 amplexi
669 1370 764 1397 cum
804 1369 959 1411 magno
999 1356 1161 1410 gemitu
1201 1358 1326 1409 atque
1358 1370 1425 1396 ex-

142 1411 320 1453 osculati
336 1413 599 1465 postremum
620 1411 819 1452 salutant.
852 1411 1032 1465 denique
1054 1411 1164 1452 Aiax
1188 1412 1424 1452 exanimem

142 1467 229 1508 iam
259 1467 416 1508 umeris
447 1467 660 1508 sublatum
692 1481 713 1508 e
744 1467 839 1508 luco
871 1467 1002 1508 effert.

255 1522 352 1564 XII.
413 1521 536 1571 Quod
575 1523 647 1563 ubi
685 1523 1020 1564 animadvertere
1051 1521 1246 1575 Troiani,
1279 1536 1425 1564 omnes
1444 1533 1476 1558 25

146 1578 272 1619 simul
302 1578 436 1632 portis
467 1580 678 1632 proruunt
715 1579 876 1632 eripere
906 1578 1104 1619 Achillen
1141 1579 1326 1619 nitentes
1367 1580 1428 1618 at-

142 1648 224 1688 que
256 1634 422 1675 auferre
464 1635 576 1675 intra
607 1634 775 1675 moenia
821 1634 982 1675 scilicet
1019 1647 1135 1675 more
1175 1633 1301 1675 solito
1334 1633 1426 1673 illu-

143 1689 246 1731 dere
267 1689 462 1731 cadaveri
493 1690 582 1730 eius
609 1690 853 1744 gestientes.
904 1692 1052 1731 contra
1073 1690 1225 1730 Graeci
1256 1688 1427 1743 cognita

145 1759 191 1786 re
230 1745 410 1799 arreptis
445 1745 573 1786 armis
619 1745 803 1786 tendunt
847 1745 1089 1786 adversum:
1137 1745 1426 1799 paulatimque

146 1815 294 1842 omnes
315 1801 461 1855 copiae
482 1800 732 1854 productae:
762 1801 821 1842 ita
842 1801 1054 1855 utrimque
1075 1804 1287 1842 certamen
1309 1800 1427 1841 brevi
1446 1811 1478 1835 ἐν)

147 1856 347 1913 adolevit.
397 1857 507 1897 Aiax
537 1856 693 1898 tradito
715 1856 794 1909 his,
827 1857 899 1911 qui
931 1871 1071 1898 secum
1097 1857 1280 1910 fuerant,
1311 1855 1427 1897 cada-

146 1926 244 1954 vere
285 1912 375 1954 eius
413 1912 604 1953 infensus
643 1913 795 1953 Asium
834 1912 1060 1966 Dymantis
1108 1911 1308 1953 Hecubae
1345 1912 1428 1952 fra-

147 1972 270 2021 trem,
303 1982 427 2022 quem
461 1968 644 2021 primum
668 1968 840 2009 obvium
871 1968 1033 2021 habuit,
1065 1968 1278 2009 interficit.
1330 1967 1428 2008 dein

237 2091 320 2124 XII.
345 2091 469 2126 Malal.
497 2093 560 2124 167
586 2093 711 2125 Tzetz.
738 2092 922 2124 Posthom.
950 2094 1026 2125 4⁶25.

237 2206 257 2237 6
282 2213 569 2245 procuri-easque
596 2205 688 2241 libri.
716 2214 783 2246 que
809 2215 871 2236 om.
897 2205 992 2236 editt.
1104 2206 1123 2236 9
1149 2207 1327 2236 uenerunt
1355 2203 1428 2236 ΟΒ.

144 2258 238 2280 corr.
270 2249 334 2280 VP
425 2251 463 2280 11
491 2259 560 2291 quo
586 2249 665 2281 uiso
690 2249 722 2279 V
813 2251 855 2281 32
874 2250 1008 2290 Asyum
1035 2249 1207 2280 dimantis
1228 2249 1255 2281 G
1301 2248 1428 2280 Asium

146 2292 344 2334 clymantis
370 2293 413 2325 B.
