1621 2550
311 58 463 91 INDEX
489 56 719 90 NOMINUM
744 56 807 88 ΕΤ
833 56 1013 91 RERUM.

23 160 199 194 Telestes
223 158 361 192 Priami
385 158 477 190 filius
501 169 523 190 a
547 157 630 189 Dio-

48 205 150 238 mede
176 207 330 237 necatur
351 204 402 235 lv
425 204 444 234 7

24 249 141 282 Terra
164 253 281 281 mater
311 247 416 280 testis
440 248 632 280 invocatur

25 338 155 372 Teucri
178 338 203 370 i.
228 348 260 380 q.
286 337 437 370 Troiani
461 337 511 370 IV
537 338 557 368 2

24 384 192 417 Teucrus
231 382 356 414 Aiacis
404 381 519 413 frater
548 382 565 414 Ι
593 383 632 413 13

45 427 251 470 sagittandi
275 427 412 469 peritus
438 427 492 458 111
520 428 535 458 1
568 426 632 458 Sa—

47 472 186 505 lamina
226 482 248 503 a
288 476 390 514 patre
430 471 555 513 pulsus
594 471 631 502 in

47 517 168 560 Cypro
224 517 349 549 urbem
408 515 631 548 Salaminam

48 562 172 594 condit
196 561 245 593 VI
269 563 290 593 2
313 562 335 592 4

22 606 269 640 Teuthranius
312 605 549 638 Teuthrantis
597 609 632 637 et

46 652 169 694 Auges
194 651 306 687 tilius,
339 651 454 683 frater
478 650 632 692 Telephi

47 697 230 736 uterinus,
268 696 310 727 ab
347 696 460 727 Aiace
500 695 632 727 occidi-

47 745 108 774 tur
129 741 167 774 11
192 742 212 773 3

23 785 203 819 Teuthras
255 788 360 827 pater
405 785 632 823 Teuthranii,

9 851 12 854 -
47 831 231 874 Phrygum
249 840 310 862 rex
327 830 373 862 ab
392 830 504 862 Aiace
523 831 618 861 inter

48 875 170 908 ficitur
194 875 230 908 11
258 875 297 906 18

24 920 204 963 Thalpius
229 929 272 952 ex
297 919 406 951 Elide
432 920 448 951 Ι
476 921 516 951 17

26 965 177 998 Theano
202 965 396 996 Antenoris
426 975 534 1002 uxor,
569 964 632 995 Mi-

49 1020 185 1042 nervae
223 1009 396 1042 sacerdos
425 1008 633 1041 Palladium

49 1055 146 1097 rapit
170 1055 199 1087 V
224 1055 245 1086 8

25 1100 177 1133 Thebae
201 1099 219 1132 1
245 1101 285 1131 17

25 1144 219 1177 Thessalia
241 1144 292 1176 VI
317 1146 336 1176 7

25 1189 276 1222 Thessandrus
313 1188 502 1229 Polfnicis
537 1187 634 1220 filius

48 1234 247 1267 Thebanus
270 1234 287 1266 1
315 1235 356 1266 14
395 1233 549 1273 Telephi
575 1243 632 1265 co-

49 1281 173 1312 mitem
213 1278 367 1318 occidit,
407 1289 428 1309 a
469 1278 633 1320 Telepho

50 1323 232 1357 occiditur
256 1323 290 1356 11
317 1326 336 1355 2

27 1369 184 1402 Thestor
199 1372 305 1410 pater
322 1367 537 1400 Calchantis
560 1367 574 1398 Ι
595 1369 635 1398 15

27 1413 155 1446 'rhetis
207 1413 375 1445 Chironis
428 1412 503 1444 filia
544 1413 558 1444 1
595 1414 634 1443 14

49 1468 146 1491 nova
176 1462 292 1501 nupta
317 1457 419 1490 Pelei
450 1458 486 1488 in
513 1457 634 1489 couvi—

50 1503 108 1536 vio
144 1503 332 1536 celebrata
362 1506 472 1544 atque
504 1502 634 1533 Nereis

51 1547 243 1591 appellata
258 1547 306 1580 VI
321 1549 339 1579 7
353 1549 529 1580 Acastum
543 1547 635 1578 Neo-

50 1593 198 1636 ptolemi
215 1593 382 1625 manibus
402 1592 538 1624 liberat
551 1591 600 1623 VI
614 1591 634 1622 9

27 1637 149 1670 Thoas
173 1637 436 1669 Andraemonis
467 1636 562 1669 filius
592 1646 635 1668 ex

51 1681 195 1715 Aetolia
218 1682 236 1714 Ι
262 1683 304 1715 13
332 1684 371 1714 17
413 1682 557 1723 legatus
590 1681 634 1713 de

51 1736 142 1769 pace
166 1728 198 1759 V
225 1729 265 1760 10

28 1771 191 1804 Thraces
215 1771 250 1804 11
276 1773 316 1805 18
339 1773 383 1803 46
407 1772 450 1803 47

29 1815 188 1849 Thracia
211 1817 237 1849 1·
253 1818 296 1849 35
322 1818 351 1848 V
379 1818 418 1848 14

31 1860 298 1901 Thrasymedes
367 1861 535 1893 Nestoris
599 1864 636 1892 et

53 1905 257 1938 Anaxibiae
283 1905 379 1938 filius
402 1906 420 1938 1
447 1907 487 1938 13

30 1950 283 1991 Thymbraeus
297 1949 426 1993 Apollo
438 1950 472 1982 11
488 1951 530 1983 52
548 1949 602 1981 ΙΙΙ
619 1951 633 1980 1

29 2040 216 2072 Timoetes
247 2039 510 2073 Laomedontis
541 2039 637 2071 tilius

31 2129 211 2163 Tithonus
273 2128 318 2161 lli
381 2129 478 2162 filius

54 2174 257 2208 Memnonis
282 2177 387 2216 pater
410 2174 459 2206 IV
484 2175 505 2206 4

35 2218 265 2261 Tlepolemus
281 2218 444 2253 Rhodius
469 2218 639 2252 Herculis

55 2262 151 2296 filius
181 2263 198 2296 1
225 2264 266 2296 14
291 2265 331 2296 17
362 2263 414 2296 IV
437 2266 458 2297 2
495 2264 639 2306 legatus

101 2323 224 2350 Dic-ru.

516 2129 563 2161 lv
596 2130 637 2160 22

1230 57 1307 97 153

723 157 769 189 ad
794 156 995 198 Telephum
1022 157 1206 199 Eurypylo
1235 161 1307 189 tra-

723 203 819 234 ditur
843 202 877 234 11
903 204 922 234 5
955 202 989 232 in
1016 201 1110 233 ludis
1135 202 1308 235 Patroclo

724 247 906 279 institutis
944 247 1062 278 victor
1109 251 1165 278 est
1211 246 1308 279 saltu

726 292 778 323 111
806 293 846 323 10

702 336 904 368 'rroezenia
931 336 965 368 ΙΙ
991 336 1034 368 35

702 382 830 420 Troia,
858 381 936 412 eius
964 381 1105 412 moenia
1130 380 1309 422 Apollinis

726 429 763 458 et
788 425 943 467 Neptuni
970 430 1202 457 monumenta
1219 425 1250 456 V
1270 427 1310 457 12

725 471 874 502 obsessa
901 482 921 501 a
946 468 1097 502 Graecis
1122 470 1172 502 IV
1195 471 1238 502 20
1264 470 1309 501 ab

725 517 850 546 Aenea
882 519 918 546 et
948 516 1131 546 Antenore
1163 514 1309 556 prodita

725 561 774 592 lv
800 561 842 591 :22
868 561 897 591 V
925 563 939 591 1
966 571 1040 602 sqq.
1078 563 1188 601 capta
1213 560 1242 588 V
1270 560 1310 591 12

725 615 835 645 regno
861 605 999 646 potitur
1029 606 1190 636 Antenor
1213 604 1243 634 V
1271 606 1309 635 17

702 650 851 682 Troiani
876 649 958 681 inde
989 660 1010 680 a
1035 649 1169 690 Pelope
1197 648 1309 681 Grae-

724 695 776 726 cis
802 694 938 726 adfines
955 694 985 725 V
1003 695 1022 725 2
1047 694 1207 726 Troiana
1231 694 1311 725 vic-

725 740 821 772 toria
846 740 861 771 I
887 742 927 771 21
954 739 1149 771 Troianum
1175 737 1310 771 bellum

727 785 862 825 Proloq.

703 829 850 862 Troitus
881 829 1016 860 Priami
1049 828 1145 860 filius
1182 831 1312 870 captus

725 877 762 906 et
793 874 981 916 iugulatus
1013 877 1069 905 est
1099 884 1164 915 per
1188 873 1311 905 Achil-

726 919 807 956 lem,
837 931 856 950 a
875 919 1044 951 Troianis
1062 918 1207 959 lugetur
1225 918 1273 949 IV
1291 919 1311 948 9

703 965 794 996 Tros
809 964 974 996 Dardani
993 963 1088 995 filius
1107 964 1119 994 1
1138 965 1158 995 0
1183 962 1311 995 Erich-

727 1009 843 1040 thonii
869 1008 976 1048 filius,
1003 1012 1106 1050 pater
1127 1007 1170 1039 lli
1189 1008 1311 1049 Gany-

726 1054 841 1085 medis
869 1053 1118 1086 Cleomestrae
1143 1053 1193 1085 IV
1219 1054 1262 1083 ‘22

702 1098 860 1131 tumulus
881 1097 1032 1130 Achillis
1049 1097 1097 1129 lv
1112 1099 1150 1129 21
1179 1097 1311 1129 Hecto-

725 1145 776 1175 ris
801 1144 830 1174 V
855 1145 876 1176 8

702 1189 856 1221 turturis
887 1185 1049 1219 marinae
1087 1197 1127 1219 os
1158 1197 1229 1228 quo
1260 1197 1312 1218 ar-

725 1239 860 1265 matum
909 1237 988 1265 erat
1025 1232 1203 1274 Telegoni
1250 1231 1312 1263 ha-

727 1279 810 1310 stile
837 1279 886 1309 Vl
916 1280 954 1310 15

705 1323 892 1364 Tyndarus
924 1326 1029 1365 pater
1053 1321 1218 1354 Helenae
1252 1322 1265 1353 1
1293 1323 1313 1354 9

705 1413 931 1445 Vaticinatio
957 1412 971 1443 Ι
996 1414 1036 1443 21

705 1457 832 1490 Ulixes
872 1457 1080 1490 Ithacensis
1125 1456 1170 1488 ad
1210 1456 1312 1488 Pria—

726 1513 820 1534 mum
861 1502 1007 1544 legatur
1047 1501 1094 1533 ad
1132 1501 1312 1533 Helenam

726 1547 963 1589 repetendam
989 1547 1006 1579 I
1022 1547 1041 1578 4
1063 1548 1101 1578 17
1127 1546 1222 1579 1120
1237 1556 1314 1588 sqq.

727 1592 893 1624 terrestri
918 1591 1097 1624 exercitui
1121 1590 1314 1633 praeponi·

728 1641 785 1668 tur
810 1637 826 1669 Ι
846 1637 886 1668 16
910 1635 1141 1678 Iphigeniam
1162 1645 1229 1677 per
1253 1635 1314 1667 do·

728 1681 800 1713 lum
827 1682 992 1723 Mycenis
1014 1680 1179 1713 Aulidem
1204 1679 1314 1712 dedu-

729 1727 779 1758 cit
804 1726 820 1757 1
846 1727 889 1758 20
935 1725 1118 1758 sacrificio
1161 1725 1316 1757 adornat

729 1782 810 1803 cum
841 1770 1006 1803 Menelao
1043 1775 1075 1802 et
1108 1769 1314 1802 Calchante

728 1817 743 1848 1
769 1818 809 1848 21
839 1815 1052 1848 reconciliat
1077 1814 1253 1847 Achillem
1280 1818 1317 1846 et

729 1862 1035 1903 Agamemnonem
1068 1860 1148 1892 119
1187 1864 1316 1892 auctor

730 1905 851 1938 caedis
876 1904 1085 1937 Palamedis
1115 1904 1150 1937 11
1177 1906 1218 1937 15
1240 1915 1315 1947 sqq.

728 1950 915 1993 Telephus
955 1961 1036 1982 cum
1086 1949 1316 1992 persequitur

729 1994 763 2027 11
780 1997 800 2028 3
823 1995 1038 2028 vulneratus
1063 2003 1186 2037 pugna
1211 2005 1315 2027 exce-

729 2039 783 2072 dit
812 2040 847 2072 11
872 2041 915 2073 38
954 2040 1102 2082 legatus
1140 2039 1184 2070 ad
1215 2039 1316 2071 Pria-

730 2095 824 2117 mum
850 2085 883 2118 11
910 2085 953 2117 48
989 2083 1194 2126 sagittandi
1219 2083 1314 2127 peri-

731 2133 789 2162 tus
815 2129 868 2162 111
898 2129 936 2160 18
966 2128 1082 2161 locum
1110 2129 1218 2161 busto
1244 2128 1313 2160 Pa-

730 2174 836 2207 trocli
853 2174 1038 2207 dimetitur
1056 2174 1109 2206 111
1132 2176 1170 2205 12
1198 2173 1316 2206 Ulixis

732 2224 769 2251 et
794 2220 918 2251 Aiacis
946 2218 1100 2251 luctatio
1126 2218 1182 2251 111
1210 2220 1248 2250 19
1280 2219 1316 2249 in

731 2264 901 2298 Hectoris
932 2263 1182 2304 redemptione
1213 2264 1315 2295 Pria-

1031 2333 1072 2364 10
1079 2333 1115 2352 00
