1621 2550
248 93 329 135 100
654 93 830 127 DicTYs
857 93 1124 126 CRETENsls

245 195 368 235 vecta
398 193 507 247 ligni
536 193 714 234 materia
741 192 916 233 Aiacem
955 194 1114 234 cremat
1150 192 1434 247 reliquiasque
1463 207 1531 234 ur·

245 263 328 291 nae
359 263 510 290 aureae
532 248 726 290 conditas
757 248 804 289 in
823 247 1016 290 Rhoeteo
1047 248 1310 302 sepeliendas
1331 252 1532 303 procurat

245 305 450 359 brevique
480 304 693 346 tumulum
723 306 963 346 extructum
993 307 1212 346 consecrat
1248 305 1294 346 in
1323 304 1532 346 honorem

245 361 357 402 tanti
396 361 525 402 ducis.
595 375 702 415 quae
740 361 775 402 si
817 363 915 402 ante
961 363 1133 414 captum
1169 360 1297 402 Ilium
1345 360 1532 403 accidere

213 429 229 454 5
247 417 509 471 potuissent,
547 417 740 471 profecto
778 430 935 471 magna
972 431 1022 457 ex
1060 419 1180 470 parte
1215 420 1436 471 promotae
1466 431 1533 458 res

246 473 438 514 hostium
469 487 517 514 ac
538 473 776 514 dubitatum
806 472 856 513 de
888 486 1053 513 summa
1081 487 1223 514 rerum
1244 473 1406 514 fuisset.
1456 473 1534 528 igi-

247 532 317 570 tur
348 528 496 570 Ulixes
527 529 686 570 veritus
718 529 805 569 vim
836 528 988 569 offensi
1018 528 1226 569 exercitus
1264 529 1374 570 clam
1402 528 1534 570 Isma-

246 600 342 626 rum
379 585 549 640 aufugit
587 587 714 639 atque
759 585 820 626 ita
856 583 1095 626 Palladium
1133 584 1244 639 apud
1284 584 1534 626 Diomedem

247 643 405 682 manet.

198 711 229 735 1ο
361 696 479 739 XVI.
541 695 738 738 Ceterum
776 699 876 751 post
912 697 1151 738 abscessum
1190 695 1308 738 Ulixi
1344 696 1533 750 Hecuba,

250 768 332 808 quo
372 752 594 794 servitium
632 755 768 794 morte
808 753 1011 807 solveret,
1051 753 1186 795 multa
1223 753 1417 808 ingerere
1448 767 1533 794 ma-

247 809 403 851 ledicta
446 809 754 863 imprecarique
800 809 959 851 infesta
1005 809 1150 851 omina
1193 809 1239 850 in
1284 809 1535 850 exercitum:

249 880 333 920 qua
370 880 414 906 re
452 868 593 906 motus
632 866 754 906 miles
790 865 1003 919 lapidibus
1048 865 1244 906 obrutam
1282 879 1374 906 eam
1411 867 1536 906 necat

250 921 605 975 sepulchrumque
644 921 756 975 apud
793 922 994 975 Abydum
1037 921 1239 962 statuitur
1276 920 1538 975 appellatum

197 989 230 1015 15
250 977 511 1031 Cynossema
554 977 608 1018 ob
645 977 818 1031 linguae
863 977 1123 1031 proterviam
1160 977 1536 1031 impudentemque

248 1033 544 1088 petulantiam.
611 1047 687 1087 per
725 1033 837 1074 idem
867 1036 1034 1087 tempus
1073 1032 1309 1075 Cassandra
1355 1033 1433 1075 deo
1473 1047 1535 1074 re-

248 1090 366 1144 pleta
394 1089 530 1130 multa
559 1089 604 1130 in
634 1091 1004 1144 Agamemnonem
1039 1088 1215 1131 adversa
1243 1089 1538 1144 praenuntiat:

249 1145 425 1187 insidias
465 1146 622 1200 quippe
662 1147 700 1187 ei
738 1161 788 1187 ex
827 1146 994 1188 occulto
1031 1145 1285 1200 caedemque
1317 1146 1432 1188 domi
1462 1159 1538 1200 per

250 1216 349 1244 suos
381 1202 682 1256 compositam:
721 1204 940 1256 praeterea
978 1202 1177 1244 universo
1209 1202 1412 1243 exercitui
1442 1215 1538 1256 pro-

199 1272 232 1297 20
250 1258 481 1300 sectionem
513 1258 565 1299 ad
594 1273 691 1300 suos
722 1258 1036 1300 incommodam
1067 1258 1376 1312 exitiale-mque.
1427 1258 1541 1299 inter

252 1329 360 1369 quae
390 1315 589 1356 Antenor
630 1329 725 1355 cum
763 1315 849 1355 suis
889 1315 1072 1355 Graecos
1113 1329 1253 1367 orare,
1293 1314 1541 1356 omitterent

252 1371 335 1411 iras
367 1373 493 1425 atque
516 1373 696 1425 urgente
717 1370 880 1425 navigii
910 1373 1099 1425 tempore
1130 1371 1175 1411 in
1196 1384 1421 1412 commune
1442 1384 1540 1412 con-

253 1426 409 1468 sulant.
469 1430 690 1480 praeterea
721 1441 867 1468 omnes
899 1427 1023 1468 duces
1062 1426 1115 1468 ad
1145 1441 1190 1468 se
1222 1426 1440 1480 epulatum
1472 1427 1540 1468 de-

253 1482 389 1524 ducit:
428 1483 572 1537 ibique
611 1483 804 1538 singulos
843 1497 970 1537 quam
1009 1483 1204 1524 maximis
1235 1483 1358 1524 donis
1389 1483 1538 1536 replet.

200 1552 234 1578 25
251 1542 354 1581 tunc
376 1538 529 1581 Graeci
551 1541 722 1580 Aeneae
754 1540 944 1593 suadent,
976 1553 1116 1581 secum
1148 1540 1211 1581 uti
1243 1539 1289 1580 in
1318 1538 1541 1580 Graeciam

250 1596 445 1659 naviget,
486 1596 546 1637 ibi
583 1610 768 1650 namque
809 1596 846 1637 ei
887 1596 1024 1638 simile
1056 1610 1151 1637 cum
1183 1595 1332 1637 ceteris
1364 1595 1540 1637 ducibus

251 1652 317 1693 ius
346 1652 553 1707 regnique
584 1653 760 1693 eandem
791 1655 1047 1706 potestatem
1076 1652 1180 1694 fore.
1231 1651 1541 1706 Neoptolemus

251 1707 362 1749 filios
409 1707 606 1749 Hectoris
651 1708 817 1749 Heleno
865 1708 1078 1762 concedit,
1125 1711 1344 1763 praeterea
1388 1708 1542 1762 reliqui

253 1763 379 1806 duces
419 1764 510 1805 auri
551 1767 678 1818 atque
717 1765 884 1819 argenti
932 1767 1138 1818 quantum
1185 1764 1366 1819 singulis
1402 1764 1541 1805 visum

201 1833 234 1860 80
253 1822 329 1862 est.
381 1820 479 1862 dein
510 1821 689 1862 consilio
711 1821 858 1862 habito
881 1821 1133 1874 decernitur,
1165 1821 1227 1862 uti
1248 1835 1324 1875 per
1353 1820 1542 1862 triduum

253 1876 383 1918 funus
404 1877 548 1918 Aiacis
571 1877 739 1931 publice
771 1877 1068 1932 susciperetur.
1121 1855 1265 1940 itaque
1297 1877 1454 1918 exactis
1475 1876 1542 1918 his

253 1932 400 1975 diebus
438 1934 580 1975 cuncti
620 1947 741 1988 reges
779 1948 944 1975 comam
982 1934 1146 1975 tumulo
1189 1948 1277 1975 eius
1309 1933 1541 1988 deponunt.

252 1991 379 2044 atque
425 1989 523 2031 exin
562 1990 833 2032 contumeliis
870 1992 1242 2046 Agamemnonem
1279 1989 1540 2045 fratremque

252 2059 377 2101 agere
416 2060 572 2101 eosque
609 2061 699 2088 non
729 2047 850 2088 Atrei
894 2025 966 2089 sed
996 2045 1283 2089 Plisthenidas
1325 2049 1367 2088 et
1408 2047 1458 2088 ob
1500 2045 1543 2087 id

202 2113 235 2141 35
255 2102 467 2157 ignobiles
497 2103 725 2157 appellare
787 2118 916 2158 quare
957 2104 1111 2158 coacti,
1148 2103 1273 2145 simul
1304 2103 1366 2144 uti
1398 2102 1541 2144 odium

345 2274 386 2305 12
414 2273 621 2316 infestaque
649 2275 769 2307 omnia
802 2275 923 2307 omina
958 2275 985 2307 G
1084 2276 1127 2307 33
1152 2277 1366 2316 patremque
1395 2274 1422 2306 G
1471 2273 1542 2306 fra-

255 2321 420 2360 tremque
446 2319 521 2351 BP.
