1621 2550
221 107 276 149 90
630 108 804 143 DICTYS
829 109 1094 144 CRETENSIS

222 208 334 250 cives
371 208 530 250 tollunt
575 223 648 263 spe
696 210 861 251 animos
901 209 1191 251 existimantes
1235 210 1364 250 finem
1400 209 1502 250 belli

223 267 348 318 atque
379 265 696 307 discordiarum.
745 266 889 320 itaque
910 280 1089 320 propere
1120 267 1290 307 senatus
1318 265 1501 319 habitus,

222 321 295 362 ubi
325 321 483 362 nostris
512 321 804 375 praesentibus
835 321 1074 363 decernitur
1093 322 1277 376 primum
1313 321 1501 363 omnium

222 377 527 418 Antimachum
565 392 615 419 ex
655 379 771 419 omni
800 378 989 433 Phrygia
1026 378 1299 431 exulandum,
1346 377 1506 419 scilicet

188 446 205 471 5
224 435 438 474 auctorem
475 434 585 475 tanti
621 434 735 475 mali.
808 434 904 475 dein
942 448 1068 487 super
1104 433 1352 475 condicione
1389 433 1506 487 pacis

223 489 396 530 tractari
426 492 635 543 coeptum.

337 544 389 586 V.
448 545 566 586 Inter
604 560 710 600 quae
748 547 922 599 repente
960 545 1162 599 strepitus
1201 559 1250 586 ex
1281 544 1504 600 Pergamo,

224 601 298 642 ubi
328 601 446 655 regia
467 602 636 643 Priamo
660 604 761 656 erat,
783 602 1026 655 clamorque
1057 602 1208 656 ingens
1230 601 1380 642 editur.
1423 615 1508 655 qua

225 671 269 697 re
307 658 466 698 turbati
505 658 577 712 qui
622 658 668 698 in
705 658 883 699 consilio
929 660 1051 699 erant
1101 658 1217 699 foras
1263 657 1504 711 prosiliunt,

176 725 208 749 10
227 712 444 754 credentes
474 713 648 755 insidias
678 716 905 768 temptatas
937 714 1063 755 solito
1101 728 1125 755 a
1155 714 1333 769 regulis:
1365 714 1509 767 itaque

226 769 272 810 in
301 770 508 823 templum
532 769 751 812 Minervae
782 785 962 824 propere
994 770 1244 811 concedunt.
1307 773 1351 811 at
1379 769 1508 823 paulo

227 828 325 879 post
355 840 405 866 ex
443 825 529 879 his,
562 827 635 880 qui
674 841 723 867 ex
763 841 857 868 arce
889 826 1203 879 descenderant,
1237 825 1511 880 cognoscitur

227 881 460 922 Alexandri
498 882 628 935 filios,
669 897 774 936 quos
813 897 862 923 ex
900 882 1066 923 Helena
1109 884 1372 935 susceperat,
1412 894 1511 922 casu

228 952 416 978 camerae
448 938 670 979 extinctos.
723 938 852 992 hique
891 941 1012 979 erant
1047 937 1268 979 Bunomus
1300 937 1512 992 Corythus

179 1004 211 1029 15
231 996 357 1047 atque
387 993 550 1035 Idaeus.
601 1009 730 1048 quare
761 994 940 1035 consilio
972 994 1102 1035 dilato
1135 994 1261 1035 (luces
1290 993 1428 1035 nostri
1460 992 1513 1034 ad

230 1052 494 1091 Antenorem
516 1051 675 1092 abeunt
703 1051 846 1105 ibique
877 1051 1060 1104 acceptis
1090 1050 1224 1104 epulis
1244 1051 1511 1104 pernoctant.

230 1108 448 1160 praeterea
478 1110 742 1161 cognoscunt
772 1108 823 1148 ab
856 1108 1075 1148 Antenore
1107 1106 1267 1147 editum
1298 1105 1514 1160 quondam

231 1162 448 1203 oraculum
488 1162 683 1204 Troianis
721 1164 905 1204 maximo
944 1163 1078 1204 exitio
1127 1162 1290 1203 civitati
1328 1162 1440 1215 fore,
1479 1161 1515 1202 si

232 1218 489 1271 Palladium,
530 1219 643 1273 quod
682 1220 727 1260 in
763 1220 923 1273 templo
964 1219 1181 1260 Minervae
1220 1221 1347 1271 esset,
1398 1220 1516 1258 extra

177 1286 212 1310 20
232 1275 400 1315 moenia
429 1275 662 1316 tolleretur.
715 1290 897 1329 namque
919 1276 961 1316 id
982 1275 1325 1328 antiquissimum
1346 1274 1516 1328 signum

232 1331 347 1371 caelo
378 1330 556 1385 lapsum,
595 1346 679 1385 qua
708 1334 960 1385 tempestate
989 1331 1077 1372 Ilus
1121 1331 1327 1385 templum
1359 1329 1516 1370 Miner-

231 1401 308 1427 vae
350 1390 547 1428 extruens
598 1402 731 1441 piope
778 1402 989 1428 summum
1035 1387 1198 1441 fastigii
1244 1387 1517 1441 pervenerat:

232 1443 375 1496 ibique
406 1443 518 1484 inter
548 1458 689 1498 opera,
722 1458 817 1485 cum
847 1444 1027 1485 necdum
1049 1447 1250 1498 tegumen
1280 1442 1517 1497 superposi-

232 1502 324 1540 tum
346 1502 466 1553 esset,
490 1499 629 1541 sedem
652 1500 717 1541 sui
739 1500 1028 1554 occupavisse:
1057 1499 1184 1554 idque
1206 1499 1377 1562 signum
1397 1498 1516 1553 ligno

181 1565 215 1590 25
233 1555 514 1597 fabrefactum
553 1570 653 1597 esse.
714 1556 986 1597 hortantibus
1025 1556 1122 1597 dein
1152 1556 1330 1609 nostris,
1366 1555 1429 1596 uti
1459 1568 1520 1595 se-

235 1626 331 1652 eum
361 1611 413 1652 ad
444 1627 493 1653 ea
523 1613 667 1653 omnia
706 1613 948 1666 eniteretur,
980 1613 1192 1654 facturum
1223 1626 1279 1664 se,
1311 1589 1419 1666 quae
1451 1624 1519 1652 cu-

234 1671 396 1721 perent,
428 1668 659 1722 respondit.
710 1672 837 1722 atque
867 1669 934 1709 his
965 1668 1171 1722 praedicit
1201 1668 1368 1722 publice
1400 1681 1443 1708 se
1474 1666 1520 1707 111

235 1724 413 1765 consilio
460 1739 586 1778 super
637 1725 841 1778 qualitate
895 1740 1059 1778 eorum,
1107 1739 1214 1778 quae
1260 1723 1518 1778 postulaturi

237 1784 388 1833 essent,
420 1781 604 1822 exertius
627 1780 915 1834 disserturum,
948 1781 1108 1822 scilicet
1138 1795 1191 1821 ne
1223 1795 1306 1834 qua
1341 1779 1520 1833 suspitio

183 1845 219 1871 30
238 1837 302 1877 sui
333 1837 445 1891 apud
483 1837 684 1878 barbaros
725 1837 918 1878 oriretur.
979 1838 1037 1878 ita
1076 1837 1311 1890 composito
1343 1835 1518 1877 neffotio

237 1907 333 1934 cum
364 1893 456 1934 luce
488 1893 613 1934 simul
636 1895 832 1935 Antenor
862 1908 909 1935 ac
939 1894 1092 1947 reliqui
1114 1907 1308 1947 proceres
1333 1891 1385 1944 ad
1443 1891 1504 1933 ria

238 1964 353 1990 mum
385 1949 564 2002 vadunt,
596 1950 731 1991 nostri
763 1949 815 1991 ad
845 1964 974 1991 naves
1006 1949 1195 1991 redeunt.

351 2005 425 2047 VI.
477 2005 588 2047 Dein
620 2007 693 2047 ubi
724 2007 835 2047 iusta
855 2007 996 2060 pueris
1027 2007 1140 2047 faeta
1170 2008 1269 2046 sunt
1292 2007 1389 2059 post
1411 2003 1523 2045 diem

238 2062 412 2103 tertium
433 2062 582 2104 Idaeus
615 2062 878 2117 supradictos
899 2062 1024 2104 (luces
1056 2063 1236 2104 accitum
1258 2062 1395 2102 venit:
1428 2060 1523 2115 quis

330 2179 361 2208 V
386 2176 510 2208 Malal.
543 2179 602 2209 137
629 2177 785 2209 Cedren.
810 2176 838 2208 P
868 2179 928 2210 130

334 2280 373 2310 10
398 2277 506 2310 solito
533 2290 594 2311 om.
617 2278 646 2309 B
672 2289 769 2310 more
796 2280 875 2310 add.
899 2279 927 2309 Ι)
998 2280 1034 2309 12
1063 2277 1351 2309 desaenderatG
1376 2275 1526 2308 ‹lescen—

242 2323 372 2355 ‹lerant
396 2322 428 2354 B
513 2325 552 2355 16
578 2324 686 2365 hique
715 2324 742 2357 G
778 2324 900 2365 ibique
929 2323 959 2354 R
1038 2324 1079 2354 22
1108 2333 1244 2354 summo
1273 2322 1422 2363 fastigio
1451 2320 1525 2354 GB.
