1621 2550
430 72 576 106 BELLI
600 72 803 105 TROIAM
825 72 918 107 LIB.
944 73 972 107 1.
1301 74 1348 113 17

67 186 240 214 omnem
276 171 448 214 domum
485 184 605 212 suam
642 170 1022 212 commendaverat.
1090 186 1196 224 quae
1238 176 1350 225 post-

67 242 197 282 quam
234 230 277 269 et
314 225 453 268 Ulixis
497 226 723 268 consilium
761 227 1018 280 patefactum
1057 235 1143 278 est,
1185 228 1350 268 omissis

69 283 266 326 omnibus
286 296 466 346 propere
487 281 539 323 ad
569 281 711 323 luciun
733 283 884 336 pergit,
907 295 1062 336 magna
1085 296 1188 323 voce
1210 281 1351 324 Mene-

68 339 184 381 laum
213 341 256 380 et
285 338 359 392 qui
388 351 485 379 cum
514 352 563 379 eo
595 341 736 390 erant,
768 337 1024 390 inclamans,
1057 338 1110 379 ab
1141 338 1351 401 inquietu-

67 395 166 436 dine
193 394 442 458 Iphigeniae
479 393 728 435 cohiberent
765 407 866 445 sese,
898 394 1179 435 comminatus
1210 394 1350 448 perni-
1369 408 1384 430 ⁵

68 451 196 504 ciem,
233 451 279 491 ni
310 449 574 504 paruissent:
605 463 703 491 mox
733 426 927 490 attonitis
957 448 1023 490 his
1054 452 1179 503 atque
1211 450 1352 491 obstu-

69 506 248 561 pefactis
285 506 375 560 ipse
411 505 657 559 supervenit
701 505 1015 559 reformatoque
1055 505 1138 545 iam
1177 505 1242 546 die
1274 506 1354 546 vir-

69 562 215 618 ginem
236 561 457 603 abstrahit.
499 561 670 602 interim
687 561 1019 602 deliberantibus
1037 561 1213 614 cunctis,
1236 561 1353 614 quid-

70 633 171 660 nam
200 617 269 659 vel
305 617 378 658 ubi
417 620 545 670 esset,
578 616 691 671 quod
722 617 933 679 immolari
965 617 1200 670 iuberetur,
1231 631 1353 658 cerva

70 674 208 716 forma
236 673 426 726 corporis
446 671 693 713 admiranda
713 675 811 713 ante
842 672 978 726 ipsam
999 687 1114 713 aram
1144 672 1354 727 intrepida

68 729 284 771 consistit:
324 742 416 769 eam
454 727 712 781 praedictam
751 728 935 769 hostiam
973 728 1054 769 rati
1085 728 1354 791 oblatamque

70 784 274 826 divinitus
327 783 672 838 conprehendere
715 797 897 837 moxque
944 783 1178 824 immolant.
1261 785 1354 838 quis

71 840 254 896 peractis
284 839 427 881 sedata
461 839 551 881 lues
580 839 798 902 instarque
829 839 977 880 aestivi
1011 840 1215 894 temporis
1244 854 1356 880 mare

71 899 303 938 reseratum
334 899 409 937 est
469 898 655 937 ceterum
686 896 896 951 virginem
918 895 1109 936 Achilles
1139 899 1266 949 atque
1296 896 1354 948 hi,

74 952 148 1007 qui
178 952 384 994 sacrificio
406 951 638 1006 praefuere,
670 931 779 992 clam
800 965 946 993 omnes
976 951 1067 1006 regi
1087 950 1354 1005 Scytharum,
1393 965 1406 987 ἢ

71 1008 145 1063 qui
175 1022 226 1050 eo
256 1011 448 1062 tempore
478 1007 634 1061 aderat,
666 1007 1027 1049 commendavere.

183 1063 343 1105 XXIII.
402 1065 463 1105 At
491 1063 564 1104 ubi
595 1063 721 1105 duces
758 1063 946 1104 sedatam
977 1063 1063 1104 vim
1094 1063 1193 1104 mali
1225 1063 1356 1104 anim-

70 1119 300 1161 advertunt
340 1122 648 1174 ventorumque
688 1119 811 1160 flatus
856 1118 1088 1174 navigandi
1132 1133 1356 1173 prosperos

70 1179 198 1230 atque
237 1175 440 1217 aestivam
479 1176 608 1216 maris
645 1175 817 1227 faciem,
857 1189 1003 1216 omnes
1043 1175 1144 1216 laeti
1175 1177 1357 1230 Agame-

71 1245 274 1274 mnonem
303 1231 479 1284 adeunt,
513 1245 693 1285 eumque
724 1231 899 1272 interitu
930 1230 1041 1272 filiae
1071 1234 1355 1285 permaestum

71 1287 281 1329 consolati
328 1287 536 1328 honorem
574 1288 696 1342 regni
725 1301 869 1328 rursus
891 1287 1200 1328 concelebrant.
1251 1301 1356 1340 quae

73 1357 140 1385 res
170 1346 371 1406 pergrata
401 1345 527 1397 atque
558 1346 731 1397 accepta
762 1357 836 1397 per
866 1343 1097 1384 exercitum
1126 1343 1229 1384 fuit:
1262 1357 1357 1384 eum

75 1399 234 1454 quippe
272 1399 481 1453 optimum
518 1399 805 1441 consultorem
843 1399 907 1440 sui
938 1413 1026 1440 non
1061 1413 1199 1451 secus,
1231 1413 1358 1452 quam

74 1458 295 1509 parentem
332 1454 453 1496 miles
493 1455 631 1496 omnis
663 1455 916 1509 percolebat.
967 1454 1039 1496 sed
1059 1456 1358 1510 Agamemnon

1374 687 1405 710 10

1375 1244 1407 1268 20

72 1511 161 1552 sive
200 1525 367 1564 eorum,
408 1525 515 1564 quae
546 1514 879 1565 praecesserant,
915 1511 1017 1551 satis
1047 1490 1252 1564 prudens,
1285 1524 1356 1551 seu
1377 1522 1409 1547 25

73 1567 355 1608 humanarum
392 1580 533 1608 rerum
571 1567 865 1608 necessitatem
906 1567 1045 1607 animo
1084 1569 1286 1620 reputans
1317 1569 1357 1607 et

73 1622 128 1664 ob
166 1622 209 1663 id
245 1621 444 1663 adversus
483 1622 722 1664 infortunia
768 1623 1055 1675 firmissimus,
1095 1621 1357 1663 dissimulato

103 1677 187 1720 uod
225 1678 264 1720 ei
301 1677 531 1731 acciderat,
571 1679 781 1720 honorem
819 1678 995 1732 suscipit
1039 1680 1166 1731 atque
1204 1692 1253 1719 eo
1292 1677 1358 1718 die

102 1747 201 1776 uces
233 1747 380 1775 omnes
400 1733 453 1775 ad
483 1747 526 1775 se
553 1734 599 1775 in
631 1733 875 1775 convivium
898 1733 1077 1774 deducit.
1128 1733 1225 1774 dein
1247 1733 1358 1774 haud

74 1789 218 1831 multis
256 1793 354 1844 post
399 1789 546 1831 diebus
593 1790 801 1831 exercitus
845 1789 1063 1831 ordinatus
1108 1804 1183 1843 per
1221 1789 1358 1842 duces,

72 1859 170 1888 cum
207 1848 497 1900 opportunum
535 1846 620 1887 iam
657 1849 824 1900 tempus
861 1845 1093 1900 navigandi
1130 1846 1359 1899 ingrueret,

75 1902 267 1943 ascendit
302 1915 433 1943 naves
472 1902 654 1956 repletas
692 1902 837 1943 multis
875 1903 1000 1943 rebus
1031 1902 1358 1956 pretiosissimis,

75 1971 183 2011 quae
213 1957 266 1998 ab
296 1957 449 1999 incolis
479 1958 666 2013 regionis
697 1958 786 1999 eius
817 1958 1115 2000 offerebantur.
1174 1961 1359 1998 ceterum

74 2013 309 2067 frumenta,
347 2013 497 2054 vinum
535 2013 702 2068 aliaque
748 2014 830 2056 cibi
869 2014 1107 2056 necessaria
1145 2014 1281 2054 Anius
1319 2016 1361 2053 et

165 2195 186 2227 5
210 2195 403 2237 pernitiem
429 2195 457 2227 G
528 2197 570 2228 13
587 2205 684 2228 mare
709 2206 727 2227 e
751 2197 951 2235 conjectura
976 2196 1105 2232 addidi,
1130 2196 1224 2236 vulgo
1242 2199 1361 2227 contra

73 2239 179 2272 libros
208 2241 330 2281 legitur·
360 2243 561 2272 reseratum
600 2245 655 2272 est
687 2239 838 2273 coelum.
939 2241 979 2272 19
1011 2240 1167 2272 estiuam
1195 2241 1222 2272 G
1319 2241 1361 2270 22

75 2293 205 2326 pei-gra
231 2283 271 2316 G¹
365 2286 410 2318 25
430 2285 514 2326 fore.
539 2295 611 2316 non
637 2286 730 2317 satis
823 2286 863 2317 31
891 2295 974 2317 nam
1002 2285 1041 2321 G.

144 2344 265 2371 nrm
1139 2348 1157 2377 -2

1378 1802 1411 1826 30
