1621 2550
458 51 615 86 INDEX
640 51 871 84 NOMINUM
896 51 959 83 ET
983 52 1164 88 RERUM.

168 154 375 187 Laodamas
405 151 577 195 paruulus
608 153 776 184 Hectoris

194 203 233 232 et
248 197 523 231 Andromachae
543 195 638 228 filius
661 197 716 229 111
734 198 776 228 20

189 243 344 276 insidias
368 243 402 275 ei
425 241 559 273 struxit
578 242 776 273 Hermiona

169 331 371 365 Laodamia
401 330 624 373 Sarpedonis
659 334 777 363 mater

169 421 361 454 Laodocus
369 420 503 452 Priami
519 419 616 451 tilius
625 420 671 451 ab
682 419 761 461 Aga

190 476 378 499 memnone
424 464 644 496 interficitur
674 465 727 496 111
757 466 774 496 7

169 511 374 543 Laomedon
422 520 484 542 rex
525 510 675 548 Troiae,
729 509 776 540 lli

192 556 299 595 filius,
325 558 431 597 pater
455 554 672 586 Hicetaouis
692 553 776 594 Cly-

191 601 235 632 tii
260 600 389 641 Lampi
413 599 585 631 Timoetis
610 598 777 631 Bucolic-

191 646 249 678 nis
274 648 311 677 et
336 644 488 683 Priami,
524 644 689 685 periurus
715 643 777 675 ad-

191 700 318 723 versus
344 688 537 721 Herculem
563 689 611 720 1V
637 689 679 720 22

168 735 317 766 Larissa
337 733 612 774 Pelasgidarum
628 734 663 766 11
678 734 720 765 27
735 734 776 765 35

170 779 272 812 Leda
297 778 421 810 affinis
446 777 618 810 Hecubae
644 778 658 809 1
684 780 704 810 9

170 824 298 856 Leitus
360 823 536 855 Boeotiae

192 870 208 901 1
235 871 276 902 13
303 870 342 900 17

170 914 346 956 Leleges,
383 923 504 945 eorum
543 912 628 945 urbs
665 912 778 943 Peda-

193 968 253 990 sus
278 959 314 990 11
343 960 381 989 17

170 1004 329 1036 Lemnus
353 1013 459 1035 sacra
485 1001 646 1034 Vulcano
675 1003 710 1034 11
739 1004 778 1033 14

170 1093 355 1125 Leonteus
381 1093 396 1124 1
425 1094 464 1124 13
492 1093 530 1123 17

171 1137 312 1170 Lesbus
353 1137 398 1169 ab
439 1136 586 1169 Achille
633 1137 780 1178 capitur

171 1227 312 1259 Lethus
352 1230 458 1268 pater
496 1226 699 1268 Hippothoi
745 1229 782 1258 et

193 1272 324 1314 Pylaei
348 1272 383 1304 11
408 1274 452 1303 35

172 1319 337 1350 Leucata
362 1317 411 1349 VI
434 1318 454 1348 6

174 1363 286 1395 Liber
322 1361 389 1393 hoc
426 1361 568 1394 nomine
603 1361 783 1402 appellati

195 1410 281 1439 sunt
306 1416 412 1448 reges
438 1407 475 1437 in
502 1405 669 1437 convivio
696 1405 782 1438 deo-

196 1462 271 1484 rum
296 1452 342 1484 Vl
369 1453 387 1483 7

172 1497 320 1530 litterae
357 1497 502 1528 Atticae
536 1495 646 1537 Epist.
672 1495 781 1527 Puni·

196 1552 275 1583 cae,
301 1541 523 1574 Phoenicum
548 1540 661 1582 Epist.
695 1541 781 1573 Pro-

196 1589 260 1629 loy.
284 1586 316 1618 V
343 1588 384 1618 17

173 1631 304 1664 Locris
328 1631 345 1663 I
367 1632 406 1663 14
430 1631 627 1663 Locrorum
652 1630 782 1662 classis

172 1721 406 1764 Lothophagi
431 1721 480 1752 VI
505 1723 525 1754 5

174 1766 252 1798 ludi
274 1766 447 1798 funebres
471 1766 526 1798 111
554 1767 592 1797 17

173 1812 253 1845 lue's
278 1810 295 1843 Ι
321 1813 362 1843 19
392 1811 427 1843 11
454 1813 496 1844 30
542 1810 667 1843 sedata
698 1811 715 1842 1
741 1811 782 1841 :22

174 1903 281 1935 Luna
306 1901 411 1934 testis
436 1901 629 1933 inuocatur
653 1900 684 1931 V
711 1902 752 1931 10

177 1949 328 1990 Lycaon
353 1945 514 1978 Pandari
539 1949 644 1987 pater
667 1946 702 1978 II
719 1947 762 1978 35

175 1994 328 2035 Lycaon
358 1991 496 2023 Priami
526 1990 622 2022 filius
654 1993 785 2032 captus

199 2035 354 2071 Achillis
372 2036 472 2068 iussu
489 2035 678 2077 iugulatus
697 2035 747 2068 IV
764 2037 784 2067 9

177 2081 281 2126 Lycii
306 2081 323 2113 1
351 2082 391 2114 18
415 2081 451 2113 11
477 2082 520 2113 35

175 2126 402 2170 Lycomedes
433 2129 539 2167 pater
568 2125 785 2158 Deidamiae

178 2217 395 2261 Lycophron
414 2227 533 2249 comes
549 2217 693 2258 Dictyis
718 2216 785 2248 ful·

201 2262 298 2295 mine
321 2262 416 2295 ictus
441 2262 549 2304 periit
572 2262 623 2296 VI
650 2264 689 2295 11

606 823 778 864 princeps

1371 50 1449 92 147

845 153 1050 193 Lyrnessus
1088 154 1241 186 Cilicum
1282 154 1369 186 urbs
1405 154 1450 186 ab

868 197 1008 229 Achille
1035 199 1178 240 capitur
1202 199 1236 231 11
1265 200 1304 230 17

845 241 1026 274 Machaon
1084 243 1294 284 Aesculapii
1357 243 1451 276 tilius

867 287 1075 319 Triccensis
1112 288 1127 318 1
1156 289 1196 319 14
1223 289 1262 320 17
1302 288 1336 319 ΙΙ
1362 289 1382 319 6
1411 291 1451 320 10

867 331 1022 373 Telephi
1086 332 1230 364 vulneri
1292 331 1452 365 medetur

869 377 904 409 11
921 377 942 407 6
962 378 1002 407 10
1026 377 1060 407 ἰι]
1086 376 1182 409 ludis
1206 376 1376 409 Patroclo
1402 378 1453 409 in-

868 422 1010 498 ῗῖἰΙῐιιῙίᾶε
1040 422 1157 454 victor
1190 425 1246 454 est
1276 422 1452 454 currendo

847 511 1016 542 Maeonia
1042 511 1075 542 11
1102 513 1143 542 35

846 556 999 598 Magnes
1027 556 1039 587 1
1070 557 1109 587 17

847 611 970 632 manes
995 600 1158 632 Patrocli
1184 601 1237 633 111
1265 602 1305 632 14

847 646 945 677 Mars
969 646 986 678 Ι
1015 647 1054 677 15

847 690 1070 722 Mecistheus
1087 692 1194 731 pater
1210 689 1362 732 Euryali
1381 691 1396 722 Ι
1416 692 1456 722 14

846 735 977 767 Medea
1003 745 1024 766 a
1046 734 1191 766 Colchis
1216 736 1252 766 in
1278 735 1455 767 Iolcorurn

869 780 959 812 fines
984 783 1197 811 transuecta
1221 780 1257 812 11
1282 781 1324 811 26

847 837 974 877 Meges
992 846 1010 867 e
1029 835 1199 867 Dulichio
1217 834 1346 875 Phylei
1361 834 1455 867 filius

871 882 887 913 1
915 884 955 913 13
983 882 1021 912 17
1059 879 1310 911 Echinadibus
1341 881 1454 921 impe-

871 929 969 957 rator
981 925 1035 957 111
1051 927 1090 957 10
1115 924 1331 956 interficitur
1345 925 1399 957 111
1416 926 1456 957 10

848 971 982 1047 MleltlIiiiIs
1000 970 1136 1001 Priami
1162 969 1256 1001 filius
1279 969 1459 1002 occiditur

848 1071 979 1103 Melius
997 1074 1101 1113 pater
1114 1070 1346 1112 Pylaemenis
1362 1069 1453 1102 1135

848 1117 1018 1148 Memnon
1048 1115 1197 1147 Tithoni
1230 1118 1267 1146 et
1296 1115 1459 1146 Aurorae

872 1161 967 1192 filius
991 1160 1042 1193 IV
1066 1162 1087 1192 4
1104 1162 1124 1192 5
1148 1159 1380 1192 Antilochum
1406 1159 1459 1190 in-

874 1205 1018 1244 terficit,
1045 1205 1090 1237 ab
1116 1204 1260 1236 Achille
1286 1204 1459 1236 interfici-

873 1256 931 1284 tur
955 1251 1004 1283 1v
1028 1252 1048 1282 6
1098 1250 1205 1282 funus
1254 1249 1333 1280 eius
1364 1249 1413 1281 IV
1438 1250 1459 1281 8

874 1296 1054 1336 reliquiae
1085 1296 1129 1327 ab
1155 1296 1316 1327 Hemera
1348 1304 1459 1335 quae-

873 1341 967 1372 sitae
993 1340 1042 1371 VI
1072 1342 1112 1371 10

850 1396 1084 1438 Menalippus
1124 1396 1248 1427 Acasti
1298 1395 1394 1427 filius
1435 1406 1457 1426 a

873 1441 1112 1483 Neoptolemo
1137 1440 1312 1473 occiditur
1336 1440 1387 1472 VI
1411 1440 1432 1472 8

850 1496 1042 1530 Menelaus
1082 1495 1178 1528 filius
1215 1495 1382 1538 Aeropae
1423 1498 1461 1527 et

874 1541 1075 1575 Plisthenis
1100 1542 1117 1574 I
1136 1543 1152 1572 1
1174 1542 1213 1572 17
1240 1541 1387 1573 Troiam
1413 1540 1459 1572 ad

874 1587 1054 1620 Helenam
1086 1585 1317 1628 repetendam
1348 1585 1460 1617 mitti-

874 1636 934 1664 tur
958 1633 974 1664 Ι
998 1633 1019 1664 4
1057 1641 1138 1663 cum
1167 1630 1278 1662 Ulixe
1310 1633 1347 1662 et
1377 1629 1462 1662 Cal-

875 1678 1009 1709 chante
1026 1676 1256 1718 Iphigeniam
1277 1674 1460 1707 sacrificio

876 1722 1032 1754 adornat
1055 1720 1072 1752 1
1098 1723 1138 1753 21
1174 1720 1251 1752 eius
1282 1719 1462 1752 dissensio

876 1778 955 1799 cum
986 1767 1262 1808 Agamemnone
1294 1765 1329 1796 11
1354 1766 1374 1797 7
1415 1764 1462 1796 ad

875 1812 1057 1843 Priamum
1106 1811 1252 1851 legatus
1305 1809 1463 1841 mittitur

875 1857 911 1890 11
936 1858 980 1888 20
1011 1856 1228 1888 fortitudine
1255 1854 1461 1897 praeclarus

875 1902 912 1934 ΙΙ
937 1902 980 1935 32
1035 1905 1223 1933 certamen
1276 1899 1462 1942 singulare

877 1957 958 1979 cum
982 1945 1188 1979 Alexandro
1212 1945 1309 1977 1139
1334 1944 1462 1976 unlne-

876 1996 979 2025 ratur
1002 1991 1037 2023 11
1062 1993 1105 2024 40
1136 1990 1336 2033 sagittandi
1367 1989 1462 2031 peri-

879 2040 937 2069 tus
962 2036 1018 2069 111
1046 2038 1060 2067 1
1087 2037 1138 2069 IV
1163 2037 1182 2067 2
1214 2035 1250 2066 in
1276 2034 1371 2066 ludis
1395 2034 1462 2066 Pa-

877 2081 993 2115 troclo
1011 2081 1191 2113 institutis
1204 2080 1369 2119 bigarum
1389 2088 1463 2110 cer·

877 2127 1010 2159 tamine
1026 2127 1144 2158 uictor
1163 2129 1218 2158 est
1240 2124 1295 2156 111
1315 2126 1354 2156 17
1379 2123 1464 2155 Dei-

879 2172 1035 2215 phobum
1068 2169 1318 2203 crudelissime
1356 2173 1463 2200 necat

878 2218 910 2249 V
926 2218 966 2249 12
981 2216 1162 2249 Helenam
1176 2215 1308 2257 recipit
1321 2215 1464 2246 V1314

878 2262 1025 2295 Troiam
1051 2261 1227 2302 relinquit
1251 2260 1283 2292 V
1303 2260 1342 2291 16
1379 2257 1464 2290 Cre-

1125 2325 1193 2361 10*
