<?xml version="1.0" encoding="UTF-8"?>
<!DOCTYPE html PUBLIC "-//W3C//DTD XHTML 1.0 Transitional//EN"
    "http://www.w3.org/TR/xhtml1/DTD/xhtml1-transitional.dtd">
<html xmlns="http://www.w3.org/1999/xhtml" xml:lang="en" lang="en">
 <head>
  <title>
</title>
<meta http-equiv="Content-Type" content="text/html;charset=utf-8" />
  <meta name='ocr-system' content='tesseract 3.04.00' />
  <meta name='ocr-capabilities' content='ocr_page ocr_carea ocr_par ocr_line ocrx_word'/>
</head>
<body>
  <div class='ocr_page' id='page_1' title='image "./ephemeridosbelli00dictuoft_0132.png"; bbox 0 0 1621 2550; ppageno 0'>
   <div class='ocr_carea' id='block_1_1' title="bbox 227 106 1104 148">
    <p class='ocr_par' dir='ltr' id='par_1_1' title="bbox 227 106 1104 148">
     <span class='ocr_line' id='line_1_1' title="bbox 227 106 1104 148; baseline -0.01 0"><span class='ocrx_word' id='word_1_1' title='bbox 227 107 307 148; x_wconf 77' lang='grc'>112</span> <span class='ocrx_word' id='word_1_2' title='bbox 638 106 810 140; x_wconf 87' lang='lat' dir='ltr'>DICTYS</span> <span class='ocrx_word' id='word_1_3' title='bbox 837 106 1104 140; x_wconf 84' lang='lat' dir='ltr'>CRETENSIS</span> 
     </span>
    </p>
   </div>
   <div class='ocr_carea' id='block_1_2' title="bbox 176 205 1516 2001">
    <p class='ocr_par' dir='ltr' id='par_1_2' title="bbox 225 205 1511 428">
     <span class='ocr_line' id='line_1_2' title="bbox 225 205 1507 261; baseline 0.001 -14"><span class='ocrx_word' id='word_1_4' title='bbox 225 206 467 261; x_wconf 74' lang='lat' dir='ltr'>rigentique</span> <span class='ocrx_word' id='word_1_5' title='bbox 512 220 662 247; x_wconf 88' lang='lat' dir='ltr'>manus</span> <span class='ocrx_word' id='word_1_6' title='bbox 706 220 956 260; x_wconf 88' lang='lat' dir='ltr'>responsum</span> <span class='ocrx_word' id='word_1_7' title='bbox 995 206 1048 247; x_wconf 89' lang='lat' dir='ltr'>ab</span> <span class='ocrx_word' id='word_1_8' title='bbox 1094 220 1143 247; x_wconf 93' lang='lat' dir='ltr'>eo</span> <span class='ocrx_word' id='word_1_9' title='bbox 1182 205 1371 247; x_wconf 83' lang='lat' dir='ltr'>humana</span> <span class='ocrx_word' id='word_1_10' title='bbox 1404 220 1507 248; x_wconf 88' lang='lat' dir='ltr'>voce</span> 
     </span>
     <span class='ocr_line' id='line_1_3' title="bbox 226 262 1510 316; baseline -0.001 -12"><span class='ocrx_word' id='word_1_11' title='bbox 226 262 473 304; x_wconf 75' lang='lat' dir='ltr'>sceleratam</span> <span class='ocrx_word' id='word_1_12' title='bbox 518 262 762 303; x_wconf 81' lang='lat' dir='ltr'>huiusmodi</span> <span class='ocrx_word' id='word_1_13' title='bbox 807 263 1152 304; x_wconf 87' lang='lat' dir='ltr'>coniunctionem</span> <span class='ocrx_word' id='word_1_14' title='bbox 1206 262 1362 316; x_wconf 87' lang='lat' dir='ltr'>quippe</span> <span class='ocrx_word' id='word_1_15' title='bbox 1403 262 1510 303; x_wconf 86' lang='lat' dir='ltr'>eius·</span> 
     </span>
     <span class='ocr_line' id='line_1_4' title="bbox 227 317 1509 373; baseline -0.001 -13"><span class='ocrx_word' id='word_1_16' title='bbox 227 319 322 360; x_wconf 92' lang='lat' dir='ltr'>dem</span> <span class='ocrx_word' id='word_1_17' title='bbox 353 317 574 373; x_wconf 81' lang='lat' dir='ltr'>sanguinis</span> <span class='ocrx_word' id='word_1_18' title='bbox 613 321 739 372; x_wconf 88' lang='lat' dir='ltr'>atque</span> <span class='ocrx_word' id='word_1_19' title='bbox 780 318 979 373; x_wconf 88' lang='lat' dir='ltr'>originis:</span> <span class='ocrx_word' id='word_1_20' title='bbox 1017 332 1201 372; x_wconf 90' lang='lat' dir='ltr'>namque</span> <span class='ocrx_word' id='word_1_21' title='bbox 1240 332 1291 359; x_wconf 85' lang='lat' dir='ltr'>ex</span> <span class='ocrx_word' id='word_1_22' title='bbox 1326 332 1376 359; x_wconf 92' lang='lat' dir='ltr'>eo</span> <span class='ocrx_word' id='word_1_23' title='bbox 1407 318 1509 359; x_wconf 90' lang='lat' dir='ltr'>alte-</span> 
     </span>
     <span class='ocr_line' id='line_1_5' title="bbox 227 373 1511 428; baseline 0 -13"><span class='ocrx_word' id='word_1_24' title='bbox 227 389 321 415; x_wconf 90' lang='lat' dir='ltr'>rum</span> <span class='ocrx_word' id='word_1_25' title='bbox 352 374 525 415; x_wconf 86' lang='lat' dir='ltr'>alterius</span> <span class='ocrx_word' id='word_1_26' title='bbox 556 388 686 428; x_wconf 89' lang='lat' dir='ltr'>opera</span> <span class='ocrx_word' id='word_1_27' title='bbox 723 374 1008 415; x_wconf 88' lang='lat' dir='ltr'>interiturum.</span> <span class='ocrx_word' id='word_1_28' title='bbox 1068 375 1165 415; x_wconf 92' lang='lat' dir='ltr'>dein</span> <span class='ocrx_word' id='word_1_29' title='bbox 1204 374 1391 415; x_wconf 84' lang='lat' dir='ltr'>versanti</span> <span class='ocrx_word' id='word_1_30' title='bbox 1429 373 1511 415; x_wconf 87' lang='lat' dir='ltr'>sibi</span> 
     </span>
    </p>

    <p class='ocr_par' dir='ltr' id='par_1_3' title="bbox 193 429 1512 708">
     <span class='ocr_line' id='line_1_6' title="bbox 193 429 1510 484; baseline 0.001 -14"><span class='ocrx_word' id='word_1_31' title='bbox 193 443 209 468; x_wconf 80' lang='grc'>5</span> <span class='ocrx_word' id='word_1_32' title='bbox 230 430 523 471; x_wconf 80' lang='lat' dir='ltr'>vehementius</span> <span class='ocrx_word' id='word_1_33' title='bbox 554 430 826 484; x_wconf 88' lang='lat' dir='ltr'>cupientique</span> <span class='ocrx_word' id='word_1_34' title='bbox 857 444 1026 471; x_wconf 86' lang='lat' dir='ltr'>causam</span> <span class='ocrx_word' id='word_1_35' title='bbox 1062 430 1151 471; x_wconf 89' lang='lat' dir='ltr'>eius</span> <span class='ocrx_word' id='word_1_36' title='bbox 1182 430 1243 471; x_wconf 89' lang='lat' dir='ltr'>rei</span> <span class='ocrx_word' id='word_1_37' title='bbox 1273 429 1510 483; x_wconf 83' lang='lat' dir='ltr'>perdiscere</span> 
     </span>
     <span class='ocr_line' id='line_1_7' title="bbox 227 486 1510 541; baseline -0.001 -14"><span class='ocrx_word' id='word_1_38' title='bbox 227 487 397 541; x_wconf 86' lang='lat' dir='ltr'>signum</span> <span class='ocrx_word' id='word_1_39' title='bbox 437 486 648 540; x_wconf 85' lang='lat' dir='ltr'>quoddam</span> <span class='ocrx_word' id='word_1_40' title='bbox 697 487 803 527; x_wconf 88' lang='lat' dir='ltr'>mari</span> <span class='ocrx_word' id='word_1_41' title='bbox 851 486 1009 527; x_wconf 90' lang='lat' dir='ltr'>editum</span> <span class='ocrx_word' id='word_1_42' title='bbox 1053 486 1312 527; x_wconf 86' lang='lat' dir='ltr'>intervenire</span> <span class='ocrx_word' id='word_1_43' title='bbox 1349 486 1510 527; x_wconf 85' lang='lat' dir='ltr'>visum:</span> 
     </span>
     <span class='ocr_line' id='line_1_8' title="bbox 228 542 1511 596; baseline -0.001 -13"><span class='ocrx_word' id='word_1_44' title='bbox 228 542 354 596; x_wconf 90' lang='lat' dir='ltr'>idque</span> <span class='ocrx_word' id='word_1_45' title='bbox 385 542 617 583; x_wconf 88' lang='lat' dir='ltr'>secundum</span> <span class='ocrx_word' id='word_1_46' title='bbox 638 542 864 595; x_wconf 88' lang='lat' dir='ltr'>imperium</span> <span class='ocrx_word' id='word_1_47' title='bbox 889 542 977 583; x_wconf 90' lang='lat' dir='ltr'>eius</span> <span class='ocrx_word' id='word_1_48' title='bbox 1008 542 1054 582; x_wconf 89' lang='lat' dir='ltr'>in</span> <span class='ocrx_word' id='word_1_49' title='bbox 1084 556 1128 583; x_wconf 85' lang='lat' dir='ltr'>se</span> <span class='ocrx_word' id='word_1_50' title='bbox 1158 542 1329 595; x_wconf 89' lang='lat' dir='ltr'>iactum,</span> <span class='ocrx_word' id='word_1_51' title='bbox 1350 543 1511 583; x_wconf 88' lang='lat' dir='ltr'>utrum-</span> 
     </span>
     <span class='ocr_line' id='line_1_9' title="bbox 227 597 1510 653; baseline 0.001 -15"><span class='ocrx_word' id='word_1_52' title='bbox 227 613 310 653; x_wconf 88' lang='lat' dir='ltr'>que</span> <span class='ocrx_word' id='word_1_53' title='bbox 341 598 591 647; x_wconf 38' lang='lat' dir='ltr'>diiunxissess</span> <span class='ocrx_word' id='word_1_54' title='bbox 645 613 772 652; x_wconf 89' lang='lat' dir='ltr'>quam</span> <span class='ocrx_word' id='word_1_55' title='bbox 813 612 902 639; x_wconf 92' lang='lat' dir='ltr'>rem</span> <span class='ocrx_word' id='word_1_56' title='bbox 941 598 1083 639; x_wconf 87' lang='lat' dir='ltr'>cuncti</span> <span class='ocrx_word' id='word_1_57' title='bbox 1114 598 1186 652; x_wconf 93' lang='lat' dir='ltr'>qui</span> <span class='ocrx_word' id='word_1_58' title='bbox 1218 597 1395 638; x_wconf 88' lang='lat' dir='ltr'>aderant</span> <span class='ocrx_word' id='word_1_59' title='bbox 1424 612 1510 639; x_wconf 91' lang='lat' dir='ltr'>uno</span> 
     </span>
     <span class='ocr_line' id='line_1_10' title="bbox 228 653 1512 708; baseline -0.002 -12"><span class='ocrx_word' id='word_1_60' title='bbox 228 668 300 696; x_wconf 91' lang='lat' dir='ltr'>ore</span> <span class='ocrx_word' id='word_1_61' title='bbox 332 654 547 695; x_wconf 72' lang='lat' dir='ltr'>exitialem</span> <span class='ocrx_word' id='word_1_62' title='bbox 567 654 851 707; x_wconf 85' lang='lat' dir='ltr'>pronuntiant</span> <span class='ocrx_word' id='word_1_63' title='bbox 880 654 1136 708; x_wconf 86' lang='lat' dir='ltr'>adduntque,</span> <span class='ocrx_word' id='word_1_64' title='bbox 1169 656 1337 695; x_wconf 90' lang='lat' dir='ltr'>caveret</span> <span class='ocrx_word' id='word_1_65' title='bbox 1366 654 1418 694; x_wconf 92' lang='lat' dir='ltr'>ab</span> <span class='ocrx_word' id='word_1_66' title='bbox 1448 653 1512 694; x_wconf 88' lang='lat' dir='ltr'>in-</span> 
     </span>
    </p>

    <p class='ocr_par' dir='ltr' id='par_1_4' title="bbox 177 709 1513 987">
     <span class='ocr_line' id='line_1_11' title="bbox 177 709 1512 764; baseline -0.002 -12"><span class='ocrx_word' id='word_1_67' title='bbox 177 726 209 752; x_wconf 82' lang='grc'>10</span> <span class='ocrx_word' id='word_1_68' title='bbox 228 709 344 751; x_wconf 90' lang='lat' dir='ltr'>sidiis</span> <span class='ocrx_word' id='word_1_69' title='bbox 375 710 465 751; x_wconf 89' lang='lat' dir='ltr'>filii.</span> <span class='ocrx_word' id='word_1_70' title='bbox 523 724 600 760; x_wconf 77' lang='lat' dir='ltr'>quo</span> <span class='ocrx_word' id='word_1_71' title='bbox 639 724 737 751; x_wconf 91' lang='lat' dir='ltr'>casu</span> <span class='ocrx_word' id='word_1_72' title='bbox 768 713 986 764; x_wconf 80' lang='lat' dir='ltr'>suspectus</span> <span class='ocrx_word' id='word_1_73' title='bbox 1010 710 1199 764; x_wconf 87' lang='lat' dir='ltr'>parentis</span> <span class='ocrx_word' id='word_1_74' title='bbox 1230 711 1372 751; x_wconf 90' lang='lat' dir='ltr'>animo</span> <span class='ocrx_word' id='word_1_75' title='bbox 1395 709 1512 751; x_wconf 87' lang='lat' dir='ltr'>Tele-</span> 
     </span>
     <span class='ocr_line' id='line_1_12' title="bbox 227 765 1513 829; baseline -0.001 -22"><span class='ocrx_word' id='word_1_76' title='bbox 227 765 401 807; x_wconf 82' lang='lat' dir='ltr'>machus</span> <span class='ocrx_word' id='word_1_77' title='bbox 439 766 552 829; x_wconf 80' lang='lat' dir='ltr'>agris</span> <span class='ocrx_word' id='word_1_78' title='bbox 608 766 680 820; x_wconf 89' lang='lat' dir='ltr'>qui</span> <span class='ocrx_word' id='word_1_79' title='bbox 719 767 765 807; x_wconf 91' lang='lat' dir='ltr'>in</span> <span class='ocrx_word' id='word_1_80' title='bbox 805 766 1064 820; x_wconf 85' lang='lat' dir='ltr'>Cephalenia</span> <span class='ocrx_word' id='word_1_81' title='bbox 1110 769 1249 819; x_wconf 87' lang='lat' dir='ltr'>er,ant</span> <span class='ocrx_word' id='word_1_82' title='bbox 1297 765 1513 821; x_wconf 86' lang='lat' dir='ltr'>relegatur</span> 
     </span>
     <span class='ocr_line' id='line_1_13' title="bbox 228 820 1512 885; baseline 0 -23"><span class='ocrx_word' id='word_1_83' title='bbox 228 821 380 863; x_wconf 81' lang='lat' dir='ltr'>additis</span> <span class='ocrx_word' id='word_1_84' title='bbox 412 822 449 862; x_wconf 88' lang='lat' dir='ltr'>ei</span> <span class='ocrx_word' id='word_1_85' title='bbox 481 836 608 885; x_wconf 83' lang='lat' dir='ltr'>quam</span> <span class='ocrx_word' id='word_1_86' title='bbox 630 822 842 864; x_wconf 87' lang='lat' dir='ltr'>fidissimis</span> <span class='ocrx_word' id='word_1_87' title='bbox 875 823 1140 864; x_wconf 86' lang='lat' dir='ltr'>custodibus:</span> <span class='ocrx_word' id='word_1_88' title='bbox 1172 825 1391 876; x_wconf 86' lang='lat' dir='ltr'>praeterea</span> <span class='ocrx_word' id='word_1_89' title='bbox 1421 820 1512 863; x_wconf 89' lang='lat' dir='ltr'>Uli-</span> 
     </span>
     <span class='ocr_line' id='line_1_14' title="bbox 227 877 1512 931; baseline -0.001 -12"><span class='ocrx_word' id='word_1_90' title='bbox 227 893 299 919; x_wconf 82' lang='lat' dir='ltr'>xes</span> <span class='ocrx_word' id='word_1_91' title='bbox 337 877 536 919; x_wconf 88' lang='lat' dir='ltr'>secedens</span> <span class='ocrx_word' id='word_1_92' title='bbox 573 879 618 919; x_wconf 92' lang='lat' dir='ltr'>in</span> <span class='ocrx_word' id='word_1_93' title='bbox 657 879 740 919; x_wconf 92' lang='lat' dir='ltr'>alia</span> <span class='ocrx_word' id='word_1_94' title='bbox 776 879 871 920; x_wconf 88' lang='lat' dir='ltr'>loca</span> <span class='ocrx_word' id='word_1_95' title='bbox 916 878 1060 920; x_wconf 88' lang='lat' dir='ltr'>abdita</span> <span class='ocrx_word' id='word_1_96' title='bbox 1095 880 1343 931; x_wconf 83' lang='lat' dir='ltr'>remotaque</span> <span class='ocrx_word' id='word_1_97' title='bbox 1381 891 1512 931; x_wconf 86' lang='lat' dir='ltr'>quan-</span> 
     </span>
     <span class='ocr_line' id='line_1_15' title="bbox 226 934 1376 987; baseline -0.001 -12"><span class='ocrx_word' id='word_1_98' title='bbox 226 937 318 975; x_wconf 89' lang='lat' dir='ltr'>tum</span> <span class='ocrx_word' id='word_1_99' title='bbox 349 937 518 987; x_wconf 88' lang='lat' dir='ltr'>poterat</span> <span class='ocrx_word' id='word_1_100' title='bbox 547 935 810 976; x_wconf 87' lang='lat' dir='ltr'>somniorum</span> <span class='ocrx_word' id='word_1_101' title='bbox 841 935 927 975; x_wconf 86' lang='lat' dir='ltr'>vim</span> <span class='ocrx_word' id='word_1_102' title='bbox 959 935 1117 976; x_wconf 85' lang='lat' dir='ltr'>evitare</span> <span class='ocrx_word' id='word_1_103' title='bbox 1148 934 1376 975; x_wconf 83' lang='lat' dir='ltr'>nitebatur.</span> 
     </span>
    </p>

    <p class='ocr_par' dir='ltr' id='par_1_5' title="bbox 178 988 1516 1258">
     <span class='ocr_line' id='line_1_16' title="bbox 178 988 1511 1046; baseline 0.001 -16"><span class='ocrx_word' id='word_1_104' title='bbox 178 1005 209 1030; x_wconf 80' lang='lat'>15</span> <span class='ocrx_word' id='word_1_105' title='bbox 340 989 457 1031; x_wconf 91' lang='lat' dir='ltr'>XV.</span> <span class='ocrx_word' id='word_1_106' title='bbox 496 990 578 1031; x_wconf 91' lang='lat' dir='ltr'>Per</span> <span class='ocrx_word' id='word_1_107' title='bbox 608 991 720 1032; x_wconf 90' lang='lat' dir='ltr'>idem</span> <span class='ocrx_word' id='word_1_108' title='bbox 750 993 918 1045; x_wconf 87' lang='lat' dir='ltr'>tempus</span> <span class='ocrx_word' id='word_1_109' title='bbox 939 990 1202 1046; x_wconf 87' lang='lat' dir='ltr'>Telegonus,</span> <span class='ocrx_word' id='word_1_110' title='bbox 1235 1003 1360 1044; x_wconf 91' lang='lat' dir='ltr'>quem</span> <span class='ocrx_word' id='word_1_111' title='bbox 1391 988 1511 1031; x_wconf 81' lang='lat' dir='ltr'>Circe</span> 
     </span>
     <span class='ocr_line' id='line_1_17' title="bbox 229 1045 1512 1101; baseline 0 -14"><span class='ocrx_word' id='word_1_112' title='bbox 229 1046 388 1087; x_wconf 87' lang='lat' dir='ltr'>editum</span> <span class='ocrx_word' id='word_1_113' title='bbox 426 1060 477 1087; x_wconf 89' lang='lat' dir='ltr'>ex</span> <span class='ocrx_word' id='word_1_114' title='bbox 508 1045 634 1088; x_wconf 86' lang='lat' dir='ltr'>Ulixe</span> <span class='ocrx_word' id='word_1_115' title='bbox 673 1047 784 1101; x_wconf 81' lang='lat' dir='ltr'>apud</span> <span class='ocrx_word' id='word_1_116' title='bbox 816 1053 993 1088; x_wconf 77' lang='lat' dir='ltr'>Aeaeam</span> <span class='ocrx_word' id='word_1_117' title='bbox 1033 1047 1216 1088; x_wconf 86' lang='lat' dir='ltr'>insulam</span> <span class='ocrx_word' id='word_1_118' title='bbox 1247 1045 1512 1100; x_wconf 85' lang='lat' dir='ltr'>educaverat,</span> 
     </span>
     <span class='ocr_line' id='line_1_18' title="bbox 228 1101 1514 1158; baseline 0.001 -16"><span class='ocrx_word' id='word_1_119' title='bbox 228 1103 300 1144; x_wconf 89' lang='lat' dir='ltr'>ubi</span> <span class='ocrx_word' id='word_1_120' title='bbox 332 1102 530 1157; x_wconf 83' lang='lat' dir='ltr'>adolevit,</span> <span class='ocrx_word' id='word_1_121' title='bbox 562 1103 614 1144; x_wconf 88' lang='lat' dir='ltr'>ad</span> <span class='ocrx_word' id='word_1_122' title='bbox 644 1103 966 1158; x_wconf 88' lang='lat' dir='ltr'>inquisitionem</span> <span class='ocrx_word' id='word_1_123' title='bbox 1002 1104 1134 1157; x_wconf 86' lang='lat' dir='ltr'>patris</span> <span class='ocrx_word' id='word_1_124' title='bbox 1162 1102 1378 1157; x_wconf 86' lang='lat' dir='ltr'>profectus</span> <span class='ocrx_word' id='word_1_125' title='bbox 1399 1101 1514 1144; x_wconf 85' lang='lat' dir='ltr'>Itha-</span> 
     </span>
     <span class='ocr_line' id='line_1_19' title="bbox 229 1158 1513 1214; baseline 0 -15"><span class='ocrx_word' id='word_1_126' title='bbox 229 1173 320 1200; x_wconf 88' lang='lat' dir='ltr'>cam</span> <span class='ocrx_word' id='word_1_127' title='bbox 359 1159 477 1200; x_wconf 84' lang='lat' dir='ltr'>venit</span> <span class='ocrx_word' id='word_1_128' title='bbox 529 1173 680 1213; x_wconf 85' lang='lat' dir='ltr'>gerens</span> <span class='ocrx_word' id='word_1_129' title='bbox 718 1160 916 1201; x_wconf 87' lang='lat' dir='ltr'>manibus</span> <span class='ocrx_word' id='word_1_130' title='bbox 962 1159 1174 1214; x_wconf 87' lang='lat' dir='ltr'>quoddam</span> <span class='ocrx_word' id='word_1_131' title='bbox 1218 1158 1393 1212; x_wconf 88' lang='lat' dir='ltr'>hastile,</span> <span class='ocrx_word' id='word_1_132' title='bbox 1445 1158 1513 1199; x_wconf 88' lang='lat' dir='ltr'>cui</span> 
     </span>
     <span class='ocr_line' id='line_1_20' title="bbox 229 1214 1516 1258; baseline 0 -3"><span class='ocrx_word' id='word_1_133' title='bbox 229 1215 448 1256; x_wconf 86' lang='lat' dir='ltr'>summitas</span> <span class='ocrx_word' id='word_1_134' title='bbox 478 1216 666 1257; x_wconf 89' lang='lat' dir='ltr'>marinae</span> <span class='ocrx_word' id='word_1_135' title='bbox 704 1217 881 1257; x_wconf 87' lang='lat' dir='ltr'>turturis</span> <span class='ocrx_word' id='word_1_136' title='bbox 920 1231 1011 1258; x_wconf 85' lang='lat' dir='ltr'>osse</span> <span class='ocrx_word' id='word_1_137' title='bbox 1051 1216 1313 1257; x_wconf 82' lang='lat' dir='ltr'>armabatur·</span> <span class='ocrx_word' id='word_1_138' title='bbox 1353 1214 1516 1255; x_wconf 85' lang='lat' dir='ltr'>scilicet</span> 
     </span>
    </p>

    <p class='ocr_par' dir='ltr' id='par_1_6' title="bbox 176 1269 1514 1551">
     <span class='ocr_line' id='line_1_21' title="bbox 176 1269 1514 1327; baseline -0.001 -16"><span class='ocrx_word' id='word_1_139' title='bbox 176 1286 210 1310; x_wconf 81' lang='lat'>20</span> <span class='ocrx_word' id='word_1_140' title='bbox 228 1271 396 1326; x_wconf 82' lang='lat' dir='ltr'>insigne</span> <span class='ocrx_word' id='word_1_141' title='bbox 427 1271 591 1313; x_wconf 83' lang='lat' dir='ltr'>insulae</span> <span class='ocrx_word' id='word_1_142' title='bbox 631 1273 720 1313; x_wconf 85' lang='lat' dir='ltr'>eius</span> <span class='ocrx_word' id='word_1_143' title='bbox 758 1273 803 1313; x_wconf 89' lang='lat' dir='ltr'>in</span> <span class='ocrx_word' id='word_1_144' title='bbox 832 1287 916 1326; x_wconf 87' lang='lat' dir='ltr'>qua</span> <span class='ocrx_word' id='word_1_145' title='bbox 946 1273 1116 1327; x_wconf 86' lang='lat' dir='ltr'>genitus</span> <span class='ocrx_word' id='word_1_146' title='bbox 1147 1274 1256 1312; x_wconf 89' lang='lat' dir='ltr'>erat:</span> <span class='ocrx_word' id='word_1_147' title='bbox 1289 1270 1387 1311; x_wconf 89' lang='lat' dir='ltr'>dein</span> <span class='ocrx_word' id='word_1_148' title='bbox 1418 1269 1514 1311; x_wconf 91' lang='lat' dir='ltr'>edo-</span> 
     </span>
     <span class='ocr_line' id='line_1_22' title="bbox 230 1326 1513 1383; baseline -0.001 -15"><span class='ocrx_word' id='word_1_149' title='bbox 230 1330 334 1380; x_wconf 92' lang='lat' dir='ltr'>ctus,</span> <span class='ocrx_word' id='word_1_150' title='bbox 366 1327 439 1368; x_wconf 89' lang='lat' dir='ltr'>ubi</span> <span class='ocrx_word' id='word_1_151' title='bbox 471 1327 619 1368; x_wconf 76' lang='lat' dir='ltr'>Ulixes</span> <span class='ocrx_word' id='word_1_152' title='bbox 651 1331 814 1383; x_wconf 87' lang='lat' dir='ltr'>ager,et</span> <span class='ocrx_word' id='word_1_153' title='bbox 847 1329 899 1369; x_wconf 91' lang='lat' dir='ltr'>ad</span> <span class='ocrx_word' id='word_1_154' title='bbox 929 1342 1025 1369; x_wconf 89' lang='lat' dir='ltr'>eum</span> <span class='ocrx_word' id='word_1_155' title='bbox 1056 1328 1186 1368; x_wconf 86' lang='lat' dir='ltr'>venit.</span> <span class='ocrx_word' id='word_1_156' title='bbox 1248 1326 1308 1367; x_wconf 88' lang='lat' dir='ltr'>ibi</span> <span class='ocrx_word' id='word_1_157' title='bbox 1338 1340 1414 1380; x_wconf 91' lang='lat' dir='ltr'>per</span> <span class='ocrx_word' id='word_1_158' title='bbox 1445 1340 1513 1367; x_wconf 91' lang='lat' dir='ltr'>cu-</span> 
     </span>
     <span class='ocr_line' id='line_1_23' title="bbox 229 1383 1514 1438; baseline 0 -14"><span class='ocrx_word' id='word_1_159' title='bbox 229 1383 370 1424; x_wconf 90' lang='lat' dir='ltr'>stodes</span> <span class='ocrx_word' id='word_1_160' title='bbox 401 1384 492 1438; x_wconf 87' lang='lat' dir='ltr'>agri</span> <span class='ocrx_word' id='word_1_161' title='bbox 514 1385 653 1437; x_wconf 87' lang='lat' dir='ltr'>patrio</span> <span class='ocrx_word' id='word_1_162' title='bbox 686 1385 801 1425; x_wconf 84' lang='lat' dir='ltr'>aditu</span> <span class='ocrx_word' id='word_1_163' title='bbox 831 1384 1084 1438; x_wconf 88' lang='lat' dir='ltr'>prohibitus,</span> <span class='ocrx_word' id='word_1_164' title='bbox 1115 1383 1188 1425; x_wconf 91' lang='lat' dir='ltr'>ubi</span> <span class='ocrx_word' id='word_1_165' title='bbox 1219 1383 1514 1424; x_wconf 86' lang='lat' dir='ltr'>vehementius</span> 
     </span>
     <span class='ocr_line' id='line_1_24' title="bbox 228 1439 1513 1494; baseline -0.001 -14"><span class='ocrx_word' id='word_1_166' title='bbox 228 1442 392 1493; x_wconf 84' lang='lat' dir='ltr'>perstat</span> <span class='ocrx_word' id='word_1_167' title='bbox 429 1443 471 1480; x_wconf 91' lang='lat' dir='ltr'>et</span> <span class='ocrx_word' id='word_1_168' title='bbox 509 1454 530 1480; x_wconf 91' lang='lat' dir='ltr'>e</span> <span class='ocrx_word' id='word_1_169' title='bbox 563 1439 727 1482; x_wconf 89' lang='lat' dir='ltr'>diverso</span> <span class='ocrx_word' id='word_1_170' title='bbox 766 1441 1005 1494; x_wconf 83' lang='lat' dir='ltr'>repellitur,</span> <span class='ocrx_word' id='word_1_171' title='bbox 1046 1440 1228 1481; x_wconf 85' lang='lat' dir='ltr'>clamare</span> <span class='ocrx_word' id='word_1_172' title='bbox 1265 1439 1422 1493; x_wconf 87' lang='lat' dir='ltr'>occipit</span> <span class='ocrx_word' id='word_1_173' title='bbox 1450 1439 1513 1480; x_wconf 88' lang='lat' dir='ltr'>in-</span> 
     </span>
     <span class='ocr_line' id='line_1_25' title="bbox 230 1495 1512 1558; baseline -0.001 -22"><span class='ocrx_word' id='word_1_174' title='bbox 230 1495 408 1550; x_wconf 88' lang='lat' dir='ltr'>dignum</span> <span class='ocrx_word' id='word_1_175' title='bbox 446 1495 610 1537; x_wconf 86' lang='lat' dir='ltr'>facinus</span> <span class='ocrx_word' id='word_1_176' title='bbox 655 1497 873 1551; x_wconf 85' lang='lat' dir='ltr'>prohiberi</span> <span class='ocrx_word' id='word_1_177' title='bbox 912 1511 955 1538; x_wconf 84' lang='lat' dir='ltr'>se</span> <span class='ocrx_word' id='word_1_178' title='bbox 994 1512 1018 1537; x_wconf 88' lang='lat' dir='ltr'>a</span> <span class='ocrx_word' id='word_1_179' title='bbox 1055 1496 1243 1551; x_wconf 88' lang='lat' dir='ltr'>parentis</span> <span class='ocrx_word' id='word_1_180' title='bbox 1275 1495 1512 1558; x_wconf 83' lang='lat' dir='ltr'>complexu.</span> 
     </span>
    </p>

    <p class='ocr_par' dir='ltr' id='par_1_7' title="bbox 179 1551 1515 1819">
     <span class='ocr_line' id='line_1_26' title="bbox 179 1551 1515 1606; baseline 0 -14"><span class='ocrx_word' id='word_1_181' title='bbox 179 1565 211 1591; x_wconf 83' lang='lat'>25</span> <span class='ocrx_word' id='word_1_182' title='bbox 230 1553 290 1593; x_wconf 87' lang='lat' dir='ltr'>ita</span> <span class='ocrx_word' id='word_1_183' title='bbox 320 1552 479 1593; x_wconf 88' lang='lat' dir='ltr'>credito</span> <span class='ocrx_word' id='word_1_184' title='bbox 501 1551 802 1594; x_wconf 88' lang='lat' dir='ltr'>Telemachum</span> <span class='ocrx_word' id='word_1_185' title='bbox 828 1553 881 1595; x_wconf 87' lang='lat' dir='ltr'>ad</span> <span class='ocrx_word' id='word_1_186' title='bbox 911 1553 1176 1594; x_wconf 87' lang='lat' dir='ltr'>inferendam</span> <span class='ocrx_word' id='word_1_187' title='bbox 1207 1552 1294 1593; x_wconf 85' lang='lat' dir='ltr'>vim</span> <span class='ocrx_word' id='word_1_188' title='bbox 1324 1551 1415 1606; x_wconf 90' lang='lat' dir='ltr'>regi</span> <span class='ocrx_word' id='word_1_189' title='bbox 1446 1551 1515 1592; x_wconf 91' lang='lat' dir='ltr'>ad-</span> 
     </span>
     <span class='ocr_line' id='line_1_27' title="bbox 229 1609 1514 1672; baseline -0.001 -23"><span class='ocrx_word' id='word_1_190' title='bbox 229 1611 403 1650; x_wconf 86' lang='lat' dir='ltr'>ventare</span> <span class='ocrx_word' id='word_1_191' title='bbox 454 1609 590 1650; x_wconf 83' lang='lat' dir='ltr'>acrius</span> <span class='ocrx_word' id='word_1_192' title='bbox 628 1610 859 1651; x_wconf 72' lang='lat' dir='ltr'>resistitur:</span> <span class='ocrx_word' id='word_1_193' title='bbox 898 1610 1007 1651; x_wconf 90' lang='lat' dir='ltr'>nulli</span> <span class='ocrx_word' id='word_1_194' title='bbox 1046 1610 1203 1664; x_wconf 91' lang='lat' dir='ltr'>quippe</span> <span class='ocrx_word' id='word_1_195' title='bbox 1248 1609 1514 1672; x_wconf 81' lang='lat' dir='ltr'>compertum</span> 
     </span>
     <span class='ocr_line' id='line_1_28' title="bbox 230 1663 1514 1707; baseline -0.001 -2"><span class='ocrx_word' id='word_1_196' title='bbox 230 1678 319 1705; x_wconf 89' lang='lat' dir='ltr'>esse</span> <span class='ocrx_word' id='word_1_197' title='bbox 350 1664 531 1706; x_wconf 79' lang='lat' dir='ltr'>alterum</span> <span class='ocrx_word' id='word_1_198' title='bbox 570 1666 697 1707; x_wconf 91' lang='lat' dir='ltr'>etiam</span> <span class='ocrx_word' id='word_1_199' title='bbox 736 1665 854 1707; x_wconf 86' lang='lat' dir='ltr'>Ulixi</span> <span class='ocrx_word' id='word_1_200' title='bbox 892 1666 1040 1707; x_wconf 90' lang='lat' dir='ltr'>filium.</span> <span class='ocrx_word' id='word_1_201' title='bbox 1108 1665 1205 1706; x_wconf 89' lang='lat' dir='ltr'>dein</span> <span class='ocrx_word' id='word_1_202' title='bbox 1245 1664 1410 1705; x_wconf 85' lang='lat' dir='ltr'>iuvenis</span> <span class='ocrx_word' id='word_1_203' title='bbox 1441 1663 1514 1704; x_wconf 90' lang='lat' dir='ltr'>ubi</span> 
     </span>
     <span class='ocr_line' id='line_1_29' title="bbox 230 1719 1514 1776; baseline -0.001 -15"><span class='ocrx_word' id='word_1_204' title='bbox 230 1735 273 1761; x_wconf 91' lang='lat' dir='ltr'>se</span> <span class='ocrx_word' id='word_1_205' title='bbox 305 1720 599 1762; x_wconf 80' lang='lat' dir='ltr'>vehementius</span> <span class='ocrx_word' id='word_1_206' title='bbox 631 1725 674 1763; x_wconf 87' lang='lat' dir='ltr'>et</span> <span class='ocrx_word' id='word_1_207' title='bbox 702 1737 778 1776; x_wconf 87' lang='lat' dir='ltr'>per</span> <span class='ocrx_word' id='word_1_208' title='bbox 799 1723 884 1763; x_wconf 89' lang='lat' dir='ltr'>vim</span> <span class='ocrx_word' id='word_1_209' title='bbox 917 1722 1065 1776; x_wconf 73' lang='lat' dir='ltr'>repelli</span> <span class='ocrx_word' id='word_1_210' title='bbox 1096 1721 1223 1773; x_wconf 86' lang='lat' dir='ltr'>videt,</span> <span class='ocrx_word' id='word_1_211' title='bbox 1256 1720 1401 1761; x_wconf 92' lang='lat' dir='ltr'>dolore</span> <span class='ocrx_word' id='word_1_212' title='bbox 1433 1719 1514 1760; x_wconf 87' lang='lat' dir='ltr'>ela-</span> 
     </span>
     <span class='ocr_line' id='line_1_30' title="bbox 230 1775 1515 1832; baseline 0 -16"><span class='ocrx_word' id='word_1_213' title='bbox 230 1779 299 1817; x_wconf 84' lang='lat' dir='ltr'>tus</span> <span class='ocrx_word' id='word_1_214' title='bbox 335 1777 493 1818; x_wconf 89' lang='lat' dir='ltr'>multos</span> <span class='ocrx_word' id='word_1_215' title='bbox 533 1778 755 1819; x_wconf 88' lang='lat' dir='ltr'>custodum</span> <span class='ocrx_word' id='word_1_216' title='bbox 796 1779 998 1819; x_wconf 79' lang='lat' dir='ltr'>inteificit</span> <span class='ocrx_word' id='word_1_217' title='bbox 1034 1781 1107 1819; x_wconf 86' lang='lat' dir='ltr'>aut</span> <span class='ocrx_word' id='word_1_218' title='bbox 1145 1776 1331 1832; x_wconf 81' lang='lat' dir='ltr'>graviter</span> <span class='ocrx_word' id='word_1_219' title='bbox 1368 1775 1515 1817; x_wconf 83' lang='lat' dir='ltr'>vulne-</span> 
     </span>
    </p>

    <p class='ocr_par' dir='ltr' id='par_1_8' title="bbox 182 1832 1516 2001">
     <span class='ocr_line' id='line_1_31' title="bbox 182 1832 1513 1889; baseline -0.001 -16"><span class='ocrx_word' id='word_1_220' title='bbox 182 1846 214 1872; x_wconf 87' lang='lat'>30</span> <span class='ocrx_word' id='word_1_221' title='bbox 233 1835 347 1874; x_wconf 90' lang='lat' dir='ltr'>ratos</span> <span class='ocrx_word' id='word_1_222' title='bbox 379 1832 583 1875; x_wconf 79' lang='lat' dir='ltr'>debilitat,</span> <span class='ocrx_word' id='word_1_223' title='bbox 646 1849 752 1888; x_wconf 87' lang='lat' dir='ltr'>quae</span> <span class='ocrx_word' id='word_1_224' title='bbox 783 1837 1010 1889; x_wconf 85' lang='lat' dir='ltr'>postquam</span> <span class='ocrx_word' id='word_1_225' title='bbox 1042 1833 1159 1875; x_wconf 76' lang='lat' dir='ltr'>Ulixi</span> <span class='ocrx_word' id='word_1_226' title='bbox 1199 1832 1372 1888; x_wconf 81' lang='lat' dir='ltr'>cognita</span> <span class='ocrx_word' id='word_1_227' title='bbox 1402 1834 1513 1884; x_wconf 89' lang='lat' dir='ltr'>sunt,</span> 
     </span>
     <span class='ocr_line' id='line_1_32' title="bbox 233 1889 1515 1943; baseline 0 -14"><span class='ocrx_word' id='word_1_228' title='bbox 233 1889 479 1930; x_wconf 82' lang='lat' dir='ltr'>existimans</span> <span class='ocrx_word' id='word_1_229' title='bbox 518 1890 714 1932; x_wconf 88' lang='lat' dir='ltr'>iuvenem</span> <span class='ocrx_word' id='word_1_230' title='bbox 755 1906 779 1932; x_wconf 91' lang='lat' dir='ltr'>a</span> <span class='ocrx_word' id='word_1_231' title='bbox 808 1891 1062 1932; x_wconf 85' lang='lat' dir='ltr'>Telemacho</span> <span class='ocrx_word' id='word_1_232' title='bbox 1102 1890 1339 1931; x_wconf 84' lang='lat' dir='ltr'>immissum</span> <span class='ocrx_word' id='word_1_233' title='bbox 1378 1902 1515 1943; x_wconf 88' lang='lat' dir='ltr'>egres-</span> 
     </span>
     <span class='ocr_line' id='line_1_33' title="bbox 231 1945 1516 2001; baseline -0.001 -15"><span class='ocrx_word' id='word_1_234' title='bbox 231 1960 300 1986; x_wconf 89' lang='lat' dir='ltr'>sus</span> <span class='ocrx_word' id='word_1_235' title='bbox 338 1945 528 1987; x_wconf 87' lang='lat' dir='ltr'>lanceam</span> <span class='ocrx_word' id='word_1_236' title='bbox 576 1961 703 2001; x_wconf 86' lang='lat' dir='ltr'>quam</span> <span class='ocrx_word' id='word_1_237' title='bbox 743 1948 796 1988; x_wconf 87' lang='lat' dir='ltr'>ob</span> <span class='ocrx_word' id='word_1_238' title='bbox 836 1947 1015 1989; x_wconf 82' lang='lat' dir='ltr'>tutelam</span> <span class='ocrx_word' id='word_1_239' title='bbox 1053 1947 1117 1988; x_wconf 90' lang='lat' dir='ltr'>sui</span> <span class='ocrx_word' id='word_1_240' title='bbox 1156 1960 1302 2001; x_wconf 83' lang='lat' dir='ltr'>gerere</span> <span class='ocrx_word' id='word_1_241' title='bbox 1342 1959 1516 1987; x_wconf 86' lang='lat' dir='ltr'>consue-</span> 
     </span>
    </p>
   </div>
   <div class='ocr_carea' id='block_1_3' title="bbox 230 2046 414 2050">
    <p class='ocr_par' dir='ltr' id='par_1_9' title="bbox 230 2046 414 2050">
     <span class='ocr_line' id='line_1_34' title="bbox 230 2046 414 2050; baseline 0 0"><span class='ocrx_word' id='word_1_242' title='bbox 230 2046 414 2050; x_wconf 95' lang='lat' dir='ltr'> </span> 
     </span>
    </p>
   </div>
   <div class='ocr_carea' id='block_1_4' title="bbox 322 2095 722 2131">
    <p class='ocr_par' dir='ltr' id='par_1_10' title="bbox 322 2095 722 2131">
     <span class='ocr_line' id='line_1_35' title="bbox 322 2095 722 2131; baseline 0.005 -5"><span class='ocrx_word' id='word_1_243' title='bbox 322 2096 385 2127; x_wconf 88' lang='lat' dir='ltr'>XV</span> <span class='ocrx_word' id='word_1_244' title='bbox 413 2095 566 2131; x_wconf 82' lang='lat' dir='ltr'>Cedren.</span> <span class='ocrx_word' id='word_1_245' title='bbox 593 2099 621 2130; x_wconf 90' lang='lat' dir='ltr'><strong>P</strong></span> <span class='ocrx_word' id='word_1_246' title='bbox 652 2099 722 2129; x_wconf 87' lang='lat'><strong>133.</strong></span> 
     </span>
    </p>
   </div>
   <div class='ocr_carea' id='block_1_5' title="bbox 300 2182 416 2185">
    <p class='ocr_par' dir='ltr' id='par_1_11' title="bbox 300 2182 416 2185">
     <span class='ocr_line' id='line_1_36' title="bbox 300 2182 416 2185; baseline 0 0"><span class='ocrx_word' id='word_1_247' title='bbox 300 2182 416 2185; x_wconf 95' lang='lat' dir='ltr'> </span> 
     </span>
    </p>
   </div>
   <div class='ocr_carea' id='block_1_6' title="bbox 418 2183 501 2186">
    <p class='ocr_par' dir='ltr' id='par_1_12' title="bbox 418 2183 501 2186">
     <span class='ocr_line' id='line_1_37' title="bbox 418 2183 501 2186; baseline 0 0"><span class='ocrx_word' id='word_1_248' title='bbox 418 2183 501 2186; x_wconf 95' lang='lat' dir='ltr'> </span> 
     </span>
    </p>
   </div>
   <div class='ocr_carea' id='block_1_7' title="bbox 234 2228 1520 2365">
    <p class='ocr_par' dir='ltr' id='par_1_13' title="bbox 234 2228 1520 2365">
     <span class='ocr_line' id='line_1_38' title="bbox 322 2228 1518 2272; baseline -0.003 -10"><span class='ocrx_word' id='word_1_249' title='bbox 322 2233 341 2262; x_wconf 82' lang='lat'>9</span> <span class='ocrx_word' id='word_1_250' title='bbox 368 2232 552 2265; x_wconf 85' lang='lat' dir='ltr'>exitialem</span> <span class='ocrx_word' id='word_1_251' title='bbox 580 2233 612 2264; x_wconf 86' lang='lat' dir='ltr'>ei</span> <span class='ocrx_word' id='word_1_252' title='bbox 639 2233 669 2264; x_wconf 85' lang='lat' dir='ltr'><em>P</em></span> <span class='ocrx_word' id='word_1_253' title='bbox 768 2234 808 2263; x_wconf 87' lang='lat'>10</span> <span class='ocrx_word' id='word_1_254' title='bbox 839 2242 908 2272; x_wconf 84' lang='lat' dir='ltr'>quo</span> <span class='ocrx_word' id='word_1_255' title='bbox 940 2242 1002 2263; x_wconf 86' lang='lat' dir='ltr'>om.</span> <span class='ocrx_word' id='word_1_256' title='bbox 1037 2229 1110 2267; x_wconf 76' lang='lat' dir='ltr'>GB.</span> <span class='ocrx_word' id='word_1_257' title='bbox 1143 2230 1240 2261; x_wconf 80' lang='lat' dir='ltr'>addit</span> <span class='ocrx_word' id='word_1_258' title='bbox 1271 2229 1324 2262; x_wconf 82' lang='lat' dir='ltr'>ed.</span> <span class='ocrx_word' id='word_1_259' title='bbox 1357 2228 1518 2269; x_wconf 79' lang='lat' dir='ltr'>princeps</span> 
     </span>
     <span class='ocr_line' id='line_1_39' title="bbox 234 2273 1520 2317; baseline -0.002 -11"><span class='ocrx_word' id='word_1_260' title='bbox 234 2276 274 2307; x_wconf 85' lang='grc'>16</span> <span class='ocrx_word' id='word_1_261' title='bbox 306 2277 400 2317; x_wconf 80' lang='lat' dir='ltr'>apud</span> <span class='ocrx_word' id='word_1_262' title='bbox 435 2288 514 2310; x_wconf 86' lang='lat' dir='ltr'>eam</span> <span class='ocrx_word' id='word_1_263' title='bbox 554 2277 615 2310; x_wconf 71' lang='lat' dir='ltr'>GR</span> <span class='ocrx_word' id='word_1_264' title='bbox 646 2288 735 2309; x_wconf 78' lang='lat' dir='ltr'>corr.</span> <span class='ocrx_word' id='word_1_265' title='bbox 775 2278 872 2310; x_wconf 81' lang='lat' dir='ltr'>editt.</span> <span class='ocrx_word' id='word_1_266' title='bbox 904 2281 981 2311; x_wconf 69' lang='lat' dir='ltr'>velt,</span> <span class='ocrx_word' id='word_1_267' title='bbox 1097 2276 1140 2307; x_wconf 78' lang='lat'>‘25</span> <span class='ocrx_word' id='word_1_268' title='bbox 1179 2273 1316 2306; x_wconf 82' lang='lat' dir='ltr'>credito</span> <span class='ocrx_word' id='word_1_269' title='bbox 1351 2273 1395 2313; x_wconf 82' lang='lat' dir='ltr'>G,</span> <span class='ocrx_word' id='word_1_270' title='bbox 1430 2273 1520 2315; x_wconf 79' lang='lat' dir='ltr'>quod</span> 
     </span>
     <span class='ocr_line' id='line_1_40' title="bbox 238 2318 1323 2365; baseline -0.002 -14"><span class='ocrx_word' id='word_1_271' title='bbox 238 2320 436 2363; x_wconf 67' lang='lat' dir='ltr'>Vz‘mlinyius</span> <span class='ocrx_word' id='word_1_272' title='bbox 460 2325 649 2365; x_wconf 73' lang='lat' dir='ltr'>suspicatus</span> <span class='ocrx_word' id='word_1_273' title='bbox 675 2328 749 2354; x_wconf 80' lang='lat' dir='ltr'>erat</span> <span class='ocrx_word' id='word_1_274' title='bbox 774 2322 950 2354; x_wconf 84' lang='lat' dir='ltr'>creditum</span> <span class='ocrx_word' id='word_1_275' title='bbox 976 2320 1007 2352; x_wconf 84' lang='grc' dir='ltr'><em>Β</em></span> <span class='ocrx_word' id='word_1_276' title='bbox 1030 2319 1035 2362; x_wconf 78' lang='lat' dir='ltr'>l</span> <span class='ocrx_word' id='word_1_277' title='bbox 1056 2320 1265 2361; x_wconf 84' lang='lat' dir='ltr'>telegonum</span> <span class='ocrx_word' id='word_1_278' title='bbox 1291 2318 1323 2349; x_wconf 86' lang='lat' dir='ltr'><em>B</em></span> 
     </span>
    </p>
   </div>
  </div>
 </body>
</html>
