1621 2550
248 113 330 154 154

268 225 363 246 mum
388 214 594 246 maledictis
622 215 853 256 persequitur

267 259 323 292 III
347 260 391 291 20
437 259 586 291 Arctum
631 263 668 291 et
704 259 852 292 Echem-

268 315 408 336 monem
435 304 570 337 Priami
601 304 695 336 filios
720 304 854 336 occidit

270 349 318 381 1V
343 351 362 382 7
399 348 607 381 Autimaehi
643 348 737 381 filios
771 359 851 381 cum

266 394 378 425 Aiace
411 395 512 435 capit
540 395 591 426 IV
615 395 656 426 21
705 395 741 425 in
773 405 852 436 pro-

267 439 405 470 ditione
451 439 582 471 Troiae
637 439 852 480 praecipuas

268 487 391 525 partes
422 484 498 525 agit
530 485 579 516 IV
605 485 647 514 22
679 483 710 515 V
734 485 755 515 4
777 495 852 525 sqq.

268 529 430 560 tentoria
462 528 581 560 Ulixis
612 529 642 559 V
667 529 687 559 8
733 528 852 560 Hecu-

270 573 351 604 bam
413 576 507 605 sorte
573 573 712 614 accipit
752 572 780 603 V
814 574 853 605 13

268 617 447 650 Helenam
466 628 577 659 opera
602 628 668 649 sua
693 618 854 649 servavit

268 663 298 692 V
326 663 366 693 14
414 662 617 693 Palladium
660 663 798 704 accipit
825 662 852 692 V

268 707 288 738 8
309 708 348 738 14
373 706 414 737 de
440 717 508 748 quo
536 717 614 739 cum
637 707 749 738 Aiace
777 717 853 738 cer·

268 755 325 782 tat
342 752 373 782 V
393 753 432 782 14
458 751 639 783 seditione
665 755 743 784 orta
761 751 854 783 clam

268 798 443 828 Ismarum
468 797 569 828 venit
586 797 615 828 V
635 799 675 829 15
707 797 854 828 Cretam

270 841 447 883 appulsus
460 845 525 882 est,
536 852 658 874 omnes
669 852 780 874 naves
791 852 854 884 per

538 114 691 146 INDEX
717 113 947 147 NOMINUM
970 115 1033 146 ET
1059 114 1239 147 RERUM.

943 215 1201 247 Telemachum
1234 217 1408 248 amiserat
1433 217 1481 249 v1
1510 218 1530 248 5

945 260 1024 292 eius
1056 271 1195 292 errores
1226 261 1273 292 VI
1299 263 1319 293 5
1366 261 1530 293 Ithacam

944 305 1139 337 revertitur
1164 306 1211 337 Vl
1238 307 1257 337 6
1290 317 1311 337 a
1343 306 1530 348 Telegono

945 349 1018 381 filio
1048 350 1263 382 vulneratus
1294 350 1416 383 triduo
1448 354 1531 392 post

944 398 1104 426 mortuus
1131 398 1187 427 est
1212 396 1260 427 VI
1288 396 1328 427 15

921 439 1085 471 Vulcano
1113 450 1221 471 sacra
1246 441 1403 472 Lemnos
1428 440 1462 472 II
1491 441 1531 471 14

922 528 1092 560 Xanthus
1147 532 1253 570 pater
1307 527 1530 570 Sarpedonis

945 574 981 605 II
1009 575 1045 604 ll
1073 575 1116 605 35

923 662 1133 703 Zacynthus
1157 662 1278 694 insula
1302 663 1351 695 VI
1376 664 1396 694 6

922 707 1032 739 Zelea
1069 707 1155 739 urbs
1193 708 1238 739 ab
1271 708 1384 740 Aiace
1423 710 1531 750 capta

923 752 1124 829 ΖΙιὲἰΞῖὴίιιε
1149 797 1278 838 Apollo
1305 799 1338 829 11
1367 799 1407 829 14
