1621 2550
1330 136 1397 166 vlt

222 224 314 266 Iam
352 236 452 265 vero
491 221 680 263 exoritur
717 221 929 275 quaestio,
969 221 1036 262 cui
1075 221 1177 264 haec
1218 223 1397 266 historia

116 279 214 323 belli
249 278 426 321 Troiani
463 277 665 319 debeatur
702 280 744 318 et
781 291 866 373 (3110
904 280 1094 341 tempore
1134 279 1290 332 scripta
1328 281 1397 332 sit,

115 334 167 376 de
193 349 277 391 qua
306 349 351 376 re
381 333 483 389 quid
521 333 576 375 sit
613 335 783 374 statuen
814 347 885 374 um
929 333 1111 374 maxima
1142 334 1253 375 inter
1284 335 1396 376 xiros

115 390 260 434 doctos
291 393 353 433 est
374 390 600 432 dissensio.
630 403 708 430 nec
729 387 956 430 defuerunt
978 389 1094 442 adeo,
1127 390 1199 444 qui
1221 391 1262 431 id
1284 390 1397 444 quod

117 446 139 488 I
171 447 218 489 13
248 449 445 488 narratur
475 460 621 487 verum
652 459 741 487 esse
775 445 858 486 rati
888 444 1047 499 Β101511
1079 446 1278 488 comitem
1308 446 1398 488 Ido-

118 503 255 546 menei
275 506 492 545 auctorem
512 501 647 543 libelli
667 504 879 556 putarent.
921 500 981 542 At
1011 500 1114 542 haec
1145 501 1237 556 ipsa
1258 503 1398 555 verba,

118 558 200 600 nisi
228 559 340 601 forte
361 559 494 600 serius
516 557 657 600 addita
689 560 800 611 sunt,
833 557 935 598 satis
957 557 1249 599 demonstrant
1273 562 1400 612 scrip-

117 617 253 657 torem
283 614 381 657 data
411 628 540 669 opera
568 613 766 655 mirificas
804 613 907 655 istas
938 612 1104 654 fabulas
1139 614 1184 654 in
1215 613 1401 655 medium

149 671 343 712 rotulisse
375 684 424 712 eo
459 669 660 722 consilio,
698 672 746 710 ut
785 669 865 711 sibi
895 669 1099 710 maiorem
1135 673 1401 724 compararet

150 725 244 767 dem
282 729 410 780 atque
449 725 769 767 auctoritatem:
815 739 978 766 summa
1017 725 1150 779 enim,
1189 740 1284 779 quis
1322 726 1401 767 hoc

118 781 368 837 negaverit?
398 780 480 823 fide
511 780 679 836 dignus,
711 781 785 835 qui
816 781 867 822 iis
898 781 999 834 ipsis
1030 781 1154 822 rebus
1192 782 1401 830 interfuit,

117 851 222 892 quas
266 840 428 891 narrat,
474 837 545 892 qui
586 851 657 879 eos
694 836 909 890 homines,
952 851 1131 890 quorum
1179 837 1290 879 facta
1337 837 1404 879 de-

71 939 75 943 ,
117 893 276 947 scribit,
307 910 319 935 1
351 907 394 935 se
416 892 524 935 vidit
544 895 586 934 et
606 893 739 935 novit.
790 870 938 947 Itaqde
970 895 1118 956 auctor
1148 893 1259 934 idem
1289 893 1403 946 fecit,

148 949 232 992 uod
261 908 490 992 ianarete
511 949 714 1005 Phrygio,
746 949 857 990 idem
889 948 1002 1003 quod
1033 949 1078 990 in
1100 948 1282 1004 Sisypho
1315 948 1402 992 Coo

137 1008 279 1048 actum
310 1008 373 1047 est
398 1005 596 1057 (Mala-lae
617 984 971 1061 Chronographia
995 1005 1034 1046 V
1065 1020 1105 1059 p.
1141 1006 1246 1059 168),
1279 1020 1404 1060 quem

118 1061 317 1104 comitem
347 1061 498 1104 Teucri
535 1061 648 1104 bello
679 1041 865 1103 Troiano
902 1061 1146 1103 interfuisse
1185 1065 1312 1115 atque
1342 1061 1405 1102 hi-

119 1118 296 1160 storiam
314 1117 403 1159 eius
423 1117 524 1159 belli
540 1118 756 1172 scripsisse
777 1117 1038 1171 fabulantur,
1057 1132 1107 1158 ex
1129 1132 1211 1172 qua
1233 1120 1404 1171 postero

118 1177 309 1228 tempore
338 1173 550 1216 Homerus
581 1173 769 1227 Iliadem,
791 1173 1011 1229 Vergilius
1041 1173 1276 1215 Aeneidem
1309 1187 1406 1215 con·

119 1229 285 1272 diderit.
345 1229 453 1272 Cum
490 1229 570 1271 hac
601 1230 736 1284 prima
776 1229 866 1271 eius
904 1229 1052 1271 fraude
1091 1229 1256 1284 reliqua
1286 1230 1406 1271 artis-

118 1285 223 1327 sime
254 1285 493 1328 cohaerent.
535 1285 707 1327 Etenim
728 1299 824 1327 cum
844 1285 994 1340 Dictys
1026 1300 1168 1327 comes
1188 1285 1407 1327 Idomenei

118 1345 268 1383 auctor
298 1345 407 1383 esset
435 1342 573 1383 factus
612 1342 738 1383 huius
777 1342 895 1396 libri,
934 1357 1015 1396 qua
1054 1341 1229 1383 tandem
1260 1342 1406 1397 lingua

119 1400 290 1452 poterat
319 1398 382 1439 uti
413 1397 496 1439 alia
526 1401 654 1452 atque
676 1397 867 1439 Graeca?
909 1397 1144 1452 Oportebat
1166 1398 1297 1453 igitur
1318 1398 1407 1439 eius

119 1468 225 1508 opus
262 1453 460 1508 primitus
493 1467 642 1508 graece
678 1454 882 1508 scriptum
921 1468 1029 1507 esse,
1069 1454 1183 1508 quod
1221 1457 1267 1495 ut
1306 1468 1408 1507 quo-

119 1509 345 1552 dammodo
377 1509 577 1551 credibile
609 1510 847 1563 videretur,
880 1510 1144 1565 excogitatae
1175 1513 1274 1551 sunt
1311 1510 1408 1551 illae

120 1580 225 1620 quas
267 1566 312 1607 in
351 1565 533 1619 epistola
578 1569 620 1607 et
663 1566 844 1622 prologo
883 1566 1064 1621 legimus
1103 1579 1265 1620 nugae,
1305 1580 1409 1621 quas

120 1625 292 1676 postero
337 1624 529 1675 tempore
568 1622 769 1675 repetitas
815 1625 941 1676 atque
991 1622 1274 1675 conprobatas
1319 1635 1408 1663 esse

119 1692 210 1720 non
230 1679 296 1719 est
315 1677 429 1732 quod
451 1678 663 1718 miremur.
705 1676 883 1719 Nullum
905 1680 1044 1719 autem
1069 1678 1220 1719 Graeci
1241 1676 1408 1732 Dictyis

119 1736 313 1788 superest
341 1733 582 1796 vestigium.

234 1787 350 1838 Quae
380 1803 476 1831 cum
503 1789 564 1830 ita
593 1789 691 1843 sint,
723 1789 854 1830 libere
876 1790 1069 1831 confiteri
1101 1788 1300 1831 debemus
1331 1803 1410 1830 nos

120 1848 336 1888 auctorem
366 1845 584 1901 ignorare,
616 1845 690 1899 qui
719 1859 773 1887 ne
804 1849 1106 1901 agnosceretur
1137 1845 1253 1887 omni
1284 1845 1409 1886 modo

122 1901 299 1955 studuit,
329 1901 410 1943 hoc
440 1904 585 1943 tamen
614 1901 739 1943 facile
770 1901 1074 1956 perspiciemus
1105 1915 1201 1943 eum
1233 1901 1410 1942 Graeca·

124 1972 219 2000 rum
247 1956 621 2012 Romanarumque
660 1957 917 2011 litterarum,
949 1957 1158 2012 imprimis
1188 1957 1410 1999 historico-

125 2028 219 2055 rum
249 2012 541 2055 Romanorum
579 2013 711 2055 fuisse
740 2013 1048 2068 peritissimum
1083 2017 1126 2056 et
1156 2028 1207 2055 ex
1239 2013 1410 2068 optimis

125 2069 317 2112 fontibus
337 2070 563 2133 praecipue
584 2084 635 2112 ex
656 2069 844 2112 Homero
866 2069 1057 2112 hausisse
1093 2069 1162 2122 (cf.
1184 2069 1203 2111 I
1224 2069 1311 2122 27),
1342 2084 1412 2111 ne-

125 2139 208 2181 que
246 2126 480 2168 errabimus
519 2126 554 2167 si
593 2126 818 2168 statuimus
860 2141 957 2168 eum
994 2126 1215 2168 rhetorum
1254 2125 1410 2167 scholis

124 2196 215 2223 esse
247 2181 459 2224 eruditum
492 2185 619 2236 atque
650 2181 747 2224 inde
786 2183 905 2237 operi
936 2197 1012 2225 suo
1052 2181 1257 2237 quidquid
1287 2182 1332 2222 in
1363 2195 1412 2222 eo

125 2241 190 2280 est
239 2241 414 2280 ornatus
471 2241 598 2293 atque
667 2238 905 2302 elegantiae
968 2238 1182 2280 adiecisse.
1257 2236 1408 2286 Quem-

124 2293 351 2337 admodum
394 2297 536 2337 autem
582 2295 803 2337 materiam
847 2310 897 2336 ex
945 2294 1120 2336 diversis
1166 2293 1406 2335 auctoribus
