1621 2550
199 138 253 178 22
607 137 782 171 DICTYS
809 135 1078 169 CRETENSIs

200 253 280 292 que
324 237 559 279 necessaria
603 237 761 278 affatim
811 236 1102 290 portabantur.
1178 238 1364 276 ceterum
1408 249 1482 276 rex

200 294 273 335 ubi
304 295 669 348 Agamemnonem
706 292 964 346 fratremque
996 292 1084 333 eius
1123 293 1266 332 abesse
1297 289 1483 332 animad-

200 350 340 403 vertit,
372 349 516 390 multis
537 349 732 403 precibus
753 347 910 390 Ulixen
941 347 1200 401 deprecatur,
1232 347 1294 388 uti
1325 346 1377 388 ad
1409 360 1481 388 eos

201 405 421 447 acciendos
451 408 658 460 pergeret.
717 404 762 445 hi
793 405 935 458 itaque
966 403 1018 444 ad
1039 403 1274 457 Telephum
1305 403 1485 444 veniunt

168 475 183 498 5
202 476 249 502 ac
280 475 396 502 more
427 461 545 516 regio
583 461 766 501 invicem
804 459 986 513 acceptis
1018 459 1210 512 datisque
1241 458 1364 500 donis
1395 457 1483 500 Ma-

202 517 407 558 chaonem
448 520 489 558 et
527 516 786 557 Podalirium
826 514 1068 568 Aesculapii
1105 515 1214 555 filios
1255 515 1399 556 venire
1437 528 1484 554 ac

201 573 367 614 vulneri
405 572 561 613 mederi
599 573 767 624 iubent,
814 571 885 625 qui
931 571 1121 624 inspecta
1168 584 1268 612 cura
1304 583 1484 624 propere

202 632 300 683 apta
332 629 469 670 dolori
500 627 780 669 medicamina
810 627 1036 680 inponunt.

314 683 410 726 VH,
470 683 552 726 Sed
589 684 660 724 ubi
691 684 802 725 tritis
832 683 996 737 aliquot
1035 682 1181 724 diebus
1213 686 1380 736 tempus
1410 696 1485 723 na-

154 753 184 777 10
204 739 376 795 rigandi
416 740 619 782 remorari
657 755 704 781 ac
749 740 887 781 ventis
929 739 1248 780 adversantibus
1287 753 1402 780 mare
1441 738 1486 779 in

204 797 291 837 dies
340 796 475 851 magis
526 796 745 851 magisque
805 795 965 836 saevire
1017 795 1200 849 occepit,
1250 793 1486 848 Telephum

203 851 360 893 adeunt
404 866 583 906 eumque
629 851 679 893 de
725 852 1043 905 opportunitate
1088 851 1291 905 temporis
1337 864 1486 892 consu·
1547 883 1554 907 .·

203 908 317 948 lunt:
349 911 476 962 atque
507 909 558 948 ab
590 922 638 949 eo
670 908 783 949 docti
814 908 938 949 initio
969 907 1080 948 veris
1111 922 1161 948 ex
1192 907 1258 947 his
1297 906 1402 948 loeis
1434 905 1486 947 ad

203 963 374 1004 Troiam
404 963 635 1018 navigandi
666 972 833 1017 tempus
854 978 956 1016 esse,
987 963 1150 1017 reliqua
1171 962 1356 1015 adversa,
1388 977 1487 1005 eun-

155 1032 185 1056 15
205 1019 282 1060 ctis
333 1019 572 1061 volentibus
610 1019 834 1061 Boeotiam
880 1022 1150 1061 revertuntur
1204 1019 1347 1073 ibique
1393 1019 1487 1060 sub-

203 1075 338 1116 ductis
368 1075 547 1117 navibus
585 1076 742 1131 singuli
782 1077 826 1117 in
867 1091 998 1132 regna
1029 1091 1103 1117 sua
1142 1075 1375 1116 hiematum
1407 1075 1486 1116 dis·

203 1131 370 1174 cedunt.
430 1132 601 1173 interim
639 1132 683 1173 in
719 1147 768 1174 eo
801 1133 888 1175 otio
924 1133 1013 1188 regi
1045 1132 1360 1188 Agamemnoni
1391 1147 1484 1174 cum

203 1186 399 1229 Menelao
437 1188 566 1229 fratre
605 1203 796 1230 exercere
836 1189 1064 1230 discordias
1103 1203 1282 1230 vacuum
1321 1189 1402 1230 fuit
1433 1189 1487 1230 ob

203 1243 416 1297 proditam
452 1244 733 1299 Iphigeniam.
802 1245 836 1286 is
877 1259 1060 1300 namque
1101 1249 1248 1287 auctor
1284 1247 1325 1287 et
1356 1245 1488 1286 veluti

152 1312 186 1337 20
205 1313 329 1340 causa
360 1300 498 1341 luctus
529 1301 618 1341 eius
649 1301 908 1342 credebatur.

315 1355 432 1397 VIII.
492 1356 574 1397 Per
614 1356 724 1398 idem
762 1360 949 1411 tempus,
990 1357 1061 1397 ubi
1102 1356 1152 1398 de
1191 1357 1491 1399 coniuratione

203 1411 424 1453 universae
475 1412 675 1454 Graeciae
726 1413 837 1466 apud
887 1413 1058 1454 Troiam
1108 1416 1360 1468 conpertum
1411 1416 1487 1467 est,

202 1467 445 1508 auctoribus
483 1469 623 1510 nuntii
672 1469 760 1510 eius
806 1468 967 1520 Scylhis
1008 1469 1218 1523 barbaris,
1266 1470 1340 1523 qui
1381 1483 1487 1511 mer-

203 1522 325 1563 candi
365 1524 501 1578 gratia
544 1538 620 1578 per
658 1540 827 1567 omnem
858 1525 1186 1579 Hellespontum
1226 1529 1488 1567 commutare

152 1591 185 1617 25
203 1593 268 1620 res
313 1593 406 1620 cum
453 1581 605 1622 accolis
651 1582 759 1623 sueti
805 1581 917 1623 ultro
966 1582 1156 1636 citroque
1209 1581 1489 1637 vagabantur,

202 1637 339 1676 metus
369 1638 495 1689 atque
526 1651 692 1678 maeror
713 1637 932 1679 universos
962 1638 1167 1690 invasere,
1198 1652 1294 1679 cum
1315 1637 1486 1693 singuli,

203 1690 356 1744 quibus
389 1695 439 1732 ab
469 1692 593 1733 initio
616 1693 849 1734 Alexandri
880 1694 1044 1735 facinus
1066 1693 1351 1748 displicuerat,
1377 1693 1487 1735 male

203 1749 343 1787 actum
374 1746 596 1789 adversum
628 1748 847 1790 Graeciam
889 1752 931 1790 et
969 1749 1022 1791 ob
1061 1749 1103 1790 id
1134 1763 1365 1803 paucorum
1395 1764 1489 1804 pra-

203 1802 334 1844 vitate
383 1803 426 1844 in
472 1818 738 1846 communem
791 1805 1022 1859 perniciem
1066 1805 1392 1859 praecipitatum
1438 1806 1489 1847 iri

152 1860 472 1901 30testarentur.
540 1860 652 1902 inter
691 1876 797 1915 quae
840 1865 928 1903 tam
975 1861 1155 1903 sollicita
1195 1875 1350 1917 magna
1390 1876 1488 1904 cura

202 1914 375 1968 plurimi
415 1930 463 1956 ex
504 1917 620 1958 omni
660 1917 806 1958 ordine
853 1917 975 1959 electi
1021 1917 1073 1958 ad
1110 1917 1398 1959 contrahenda
1439 1933 1489 1960 ex

203 1971 397 2012 finitimis
444 1973 690 2027 regionibus
738 1973 895 2015 auxilia
938 1973 990 2015 ab
1029 1973 1272 2015 Alexandro
1311 1973 1489 2029 aliisque

203 2027 396 2080 pessimis
428 2029 742 2071 consultoribus
766 2030 1039 2072 dimittuntur
1070 2030 1220 2085 hisque
1251 2030 1488 2084 mandatur,

293 2177 311 2207 7
350 2177 515 2218 inspecto
567 2187 668 2208 crure
718 2178 936 2218 Vindinqc'us,
992 2177 1133 2214 infecta
1179 2188 1265 2210 cura
1314 2178 1490 2214 Wasseus.

201 2223 373 2262 suscepta
413 2231 501 2253 cura
540 2222 766 2262 Wopkensius
886 2224 923 2254 11
963 2223 1083 2255 seuire
1117 2223 1145 2255 G
1166 2223 1171 2263 Ι
1194 2223 1336 2266 accepit
1367 2223 1397 2256 G
1429 2233 1489 2256 ce-

201 2265 256 2307 pit
282 2265 314 2297 B
409 2267 448 2297 12
475 2267 723 2309 oportunitate
751 2267 813 2300 GR
905 2269 948 2300 23
973 2268 1085 2300 sestis
1120 2268 1148 2301 G
1195 2268 1298 2300 scitis
1325 2268 1357 2300 B
1405 2267 1491 2310 Scy-

202 2309 275 2386 {his
301 2310 480 2343 Mera-erus
549 2313 591 2344 29
617 2313 814 2354 pernitiem
840 2313 867 2345 G
888 2311 893 2353 Ι
916 2313 1202 2356 praecipitatam
1226 2313 1297 2346 uiri
1323 2312 1365 2346 0¹
1397 2323 1489 2346 corr.

229 2381 236 2388 .
262 2366 304 2387 m.
