1621 2550
474 119 622 152 BELLI
647 119 850 153 TROIANI
875 120 967 152 LIB.
990 120 1034 155 V.
1321 121 1397 164 lOl

118 218 185 260 sui
214 217 327 273 apud
357 217 587 259 exercitum
623 231 699 272 per
729 217 965 259 absentiam
994 218 1219 274 leniretur,
1259 225 1394 275 orant,

66 287 71 291 ·
118 274 182 316 uti
212 274 293 316 sibi
322 273 438 316 abire
475 287 498 314 e
536 276 765 328 conspectu
804 288 950 315 eorum
988 274 1078 316 sine
1110 289 1222 317 noxa
1251 290 1398 319 conce-

73 341 79 346 ·
118 330 233 372 dant.
291 329 435 384 itaque
470 343 679 372 consensu
718 330 909 371 omnium
936 330 1062 384 primi
1093 332 1300 386 navigant
1330 333 1398 374 de·

118 386 278 428 turbati
308 385 557 441 expulsique
587 386 640 427 ab
671 385 859 427 ducibus.
929 389 1114 428 ceterum
1146 387 1289 429 Aiacis
1320 389 1397 430 filii

116 441 348 484 Aeantides
384 441 546 484 Glauca
584 442 754 497 genitus
785 444 912 497 atque
950 441 1186 497 Eurysaces
1218 458 1267 485 ex
1298 444 1396 486 Tec-
1416 458 1431 481 ⁵

119 512 257 540 messa
285 497 448 540 Teucro
478 497 635 540 traditi.

229 553 366 596 XVII.
416 553 529 596 Dein
551 554 701 596 Graeci
732 554 869 608 veriti,
900 569 953 596 ne
983 569 1059 609 per
1079 569 1241 596 moram
1272 555 1398 597 inter—

46 619 55 638 ‘2
116 612 248 652 ventu
283 610 436 652 hiemis
474 625 581 665 quae
619 610 845 666 ingruebat
888 610 942 651 ab
980 611 1223 666 navigando
1263 612 1399 653 exclu-

117 665 329 719 derentur,
360 666 559 708 deductas
589 666 634 707 in
661 681 777 707 mare
798 681 926 707 naves
956 667 1188 722 remigibus
1209 667 1399 722 reliquis-

117 736 199 777 que
229 722 414 764 nauticis
444 722 738 763 instrumentis
769 722 1006 776 complent:
1046 726 1172 777 atque
1211 723 1271 764 ita
1301 738 1398 765 cum
1418 737 1449 761 10

116 778 182 820 his
222 792 329 833 quae
374 778 534 833 singuli
572 778 726 832 praeda
763 778 995 820 multorum
1035 793 1244 820 annorum
1275 794 1399 834 quae-

116 834 324 888 siverant,
355 833 588 876 discedunt.

228 891 397 932 Aeneas
427 889 539 945 apud
569 889 741 932 Troiam
778 893 940 932 manet:
980 890 1053 944 qui
1092 893 1190 945 post
1221 890 1399 933 Graeco-

109 939 212 988 ¹rum
232 946 566 1010 'profectionem
611 949 786 988 cunctos
831 961 881 988 ex
926 945 1127 988 Dardano
1174 949 1302 1001 atque
1349 961 1398 988 ex

119 1017 315 1057 proxima
335 1002 613 1057 paeneinsula
634 1002 734 1057 adit,
758 1006 863 1056 orat,
889 1003 951 1044 uti
972 1016 1112 1044 secum
1136 1004 1399 1044 Antenorem
1419 1016 1451 1041 15

115 1072 249 1114 regno
287 1062 527 1114 exagerent.
595 1073 702 1113 quae
740 1061 967 1113 postquam
1005 1073 1229 1113 praeverso
1269 1058 1319 1100 de
1355 1073 1398 1100 se

115 1114 269 1156 nuntio
290 1115 504 1156 Antenori
535 1115 709 1170 cognita
732 1118 844 1168 sunt,
876 1115 1118 1170 regrediens
1147 1114 1200 1156 ad
1227 1114 1399 1156 Troiam

115 1169 352 1225 inperfecto
396 1171 571 1226 negotio
620 1171 738 1212 aditu
781 1170 1044 1225 prohibetur.
1124 1171 1184 1212 ita
1230 1174 1400 1212 coactus

115 1240 212 1268 cum
242 1227 359 1268 omni
389 1227 648 1281 patrimonio
680 1228 732 1268 ab
763 1226 891 1269 Troia
929 1227 1105 1282 navigat
1141 1227 1394 1281 devenitque

114 1282 167 1324 ad
198 1297 312 1324 mare
349 1283 632 1325 hadriaticum
668 1283 824 1325 multas
861 1283 1031 1324 interim
1063 1285 1212 1338 gentes
1242 1283 1390 1324 barba·
1410 1296 1443 1321 20

115 1353 184 1380 ras
213 1342 474 1394 praevectus.
547 1340 606 1381 ibi
645 1353 740 1381 cum
777 1339 866 1392 his,
899 1339 971 1394 qui
1002 1354 1143 1380 secum
1173 1339 1400 1394 navigave-

115 1398 213 1436 rant
253 1395 468 1437 civitatem
507 1395 654 1437 condit
690 1395 946 1450 appellatam
986 1395 1215 1449 Corcyram
1245 1394 1399 1437 Melae-

114 1465 227 1493 nam.
297 1455 483 1493 ceterum
529 1453 642 1507 apud
686 1452 857 1494 Troiam
903 1454 1129 1506 postquam
1177 1451 1291 1493 fama
1336 1454 1401 1493 est

116 1510 383 1550 Antenorem
414 1521 547 1563 regno
578 1509 776 1563 potitum,
809 1508 962 1561 cuncti,
994 1508 1067 1562 qui
1098 1507 1210 1549 bello
1241 1506 1399 1549 residui

114 1566 369 1605 nocturnam
399 1564 584 1606 civitatis
621 1565 782 1606 cladem
814 1567 1053 1617 evaserant,
1092 1563 1144 1605 ad
1175 1578 1270 1605 eum
1301 1577 1399 1605 con·
1417 1575 1450 1603 2⁵

117 1619 258 1661 fluunt
305 1619 507 1675 brevique
553 1621 705 1676 ingens
752 1620 906 1662 coalita
949 1619 1200 1662 multitudo:
1255 1622 1400 1661 tantus

120 1689 240 1717 amor
277 1689 377 1731 erga
413 1678 677 1719 Antenorem
716 1679 842 1731 atque
882 1676 1028 1730 opinio
1068 1676 1301 1730 sapientiae
1338 1675 1400 1716 in-

118 1735 320 1774 cesserat:
359 1732 407 1774 fit
439 1747 491 1774 ue
530 1733 728 1788 princeps
766 1733 977 1774 amicitiae
1017 1732 1106 1773 eius
1142 1746 1215 1773 rex
1258 1732 1401 1773 Cebre-

114 1802 270 1830 norum
299 1787 408 1830 Oem‘
439 1803 524 1831 eus.

228 1843 345 1886 Haec
375 1858 454 1901 ego
486 1845 671 1887 Gnosius
704 1844 854 1900 Dictys
883 1858 1023 1885 comes
1053 1843 1271 1885 Idomenei
1303 1855 1451 1885 con-³0

116 1900 266 1955 scripsi
297 1901 490 1943 oratione
521 1916 581 1955 ea,
613 1915 739 1956 quam
770 1901 952 1942 maxime
981 1901 1094 1942 inter
1122 1903 1207 1941 tam
1237 1899 1403 1941 diversa

117 1955 321 2011 loquendi
351 1970 508 2012 genera
543 1958 747 2012 consequi
785 1971 832 1999 ac
871 1956 1227 2009 comprehendere
1265 1955 1400 2011 potui,

117 2012 272 2054 litteris
307 2012 481 2055 Punicis
511 2014 564 2055 ab
590 2013 748 2056 Cadmo
770 2012 1005 2067 Danaoque
1035 2013 1212 2054 traditis.
1262 2025 1400 2066 neque

10 2079 20 2099 ·'
49 2120 52 2122 v
117 2069 174 2110 sit
211 2069 367 2110 mirum
406 2070 624 2124 cuiquam,
664 2070 698 2111 si
749 2070 942 2124 quamvis
974 2068 1126 2111 Graeci
1156 2082 1302 2110 omnes
1341 2068 1400 2109 di-

0 2411 23 2550 m„-

206 2206 226 2237 2
252 2206 460 2239 concedunt
485 2207 513 2239 G
553 2206 756 2239 concedant
781 2206 813 2238 B
906 2207 926 2238 5
951 2206 1139 2247 eurysacis
1166 2205 1228 2237 ΘΒ
1252 2216 1343 2238 corr.
1370 2205 1404 2237 P

116 2250 159 2282 21
185 2254 410 2292 praeuentus
431 2251 493 2284 ΕΒ
516 2250 521 2293 Ι
546 2252 767 2294 nauigarent
785 2250 830 2283 G'
925 2252 967 2283 22
994 2250 1220 2294 appellatum
1241 2250 1268 2283 G
1295 2250 1299 2291 Ι
1326 2260 1402 2282 me-

117 2293 240 2327 lenam
266 2295 294 2328 G
339 2297 520 2329 menelam
547 2297 578 2328 B
670 2297 713 2328 26
737 2297 942 2338 ingensque
970 2295 1041 2334 GB,
1069 2305 1136 2338 qne
1162 2305 1223 2328 om.
1251 2295 1284 2326 P
1356 2295 1400 2327 28

120 2339 361 2381 gebrenorum
387 2341 475 2383 libri,
502 2352 594 2376 corr.
619 2343 653 2374 in
677 2346 758 2374 neu.
785 2342 880 2374 editt.
