1621 2550
473 105 622 139 BELLI
643 105 844 138 Tuomu
868 105 960 138 Lm.
986 105 1035 139 11.
1339 108 1391 148 41

114 205 290 249 Xantho
319 205 489 260 genitus
519 207 658 245 rector
686 203 915 258 Lyciorum
945 218 996 245 ex
1027 203 1210 258 Solemo,
1240 206 1394 249 Nastes

116 266 159 304 et
188 259 525 316 Amphimachus
562 258 790 301 Nomionis
828 259 878 301 de
917 259 1059 314 Caria,
1097 261 1314 314 Antiphus
1353 267 1395 304 et

115 317 320 360 Mesthles
383 316 577 372 genitore
638 315 891 357 Talaemene
950 315 1156 370 Maeonii,
1211 317 1395 360 Glaucus

114 371 377 428 Hippolochi
406 371 574 426 Lycius,
605 385 731 425 quem
762 371 843 412 sibi
872 370 1103 426 Sarpedon,
1135 372 1248 426 quod
1278 388 1396 427 prae-

114 432 181 472 ter
209 432 371 472 ceteros
400 427 588 483 regionis
619 427 708 468 eius
739 427 917 469 consilio
949 432 1076 482 atque
1106 429 1234 470 armis
1265 429 1394 482 polle-
1414 444 1431 469 5

115 486 210 540 bat,
249 484 499 546 participem
537 483 784 525 bellicarum
814 497 955 525 rerum
986 483 1233 536 adsciverat,
1265 485 1397 527 Phor-

115 539 1144 651 {EqdbtnesxsgzmllllbesiileycIJsslsaeglilgijems²“Arrisit
1171 543 1398 649 P{Zghiiils{

115 652 328 707 Amphius
374 655 416 693 et
452 651 661 692 Adrastus
706 650 880 705 Merope
919 652 1054 706 geniti
1101 666 1151 693 ex
1188 651 1397 705 Adrestia,

115 709 244 751 Asius
272 707 450 762 Hyrtaci
487 707 538 748 de
569 705 712 760 Sesto,
752 706 849 748 dein
889 707 995 748 alius
1026 708 1154 749 Asius
1184 707 1397 762 Dymante
1417 724 1450 748 10

116 764 286 820 genitus
330 762 531 804 Hecubae
575 762 708 804 frater
749 777 799 804 ex
838 762 1039 818 Phrygia.
1115 764 1194 805 hos
1238 778 1398 817 omnes,

116 834 223 875 quos
252 818 593 873 memoravimus,
625 819 758 860 secuti
787 818 911 860 multi
938 819 1140 860 mortales
1170 819 1399 861 inconditis

102 876 307 918 ·m0ribus
337 889 385 917 ac
416 875 575 929 dispari
605 889 711 917 sono
743 875 872 928 vocis,
904 875 994 916 sine
1025 875 1112 917 ullo
1149 875 1296 917 ordine
1327 879 1399 917 aut

116 932 242 974 modo
273 931 437 986 proelia
465 931 572 972 inire
603 931 732 972 soliti.

229 986 427 1029 XXXVI.
493 986 615 1035 Quod
660 987 733 1028 ubi
778 987 914 1028 nostri
953 987 1308 1041 animadvertere,
1354 988 1399 1029 in
1418 1000 1451 1026 15

118 1058 314 1098 campum
357 1044 571 1098 progressi
622 1057 740 1085 more
785 1043 963 1084 militiae
1007 1045 1141 1085 aciem
1187 1043 1399 1097 ordinant,

115 1101 322 1155 magistro
343 1113 392 1140 ac
411 1102 685 1154 praeceptore
707 1099 976 1153 conponendi
997 1098 1246 1141 Menestheo
1268 1099 1400 1141 Athe-

115 1156 277 1198 niensi:
317 1154 517 1197 ordinant
553 1158 694 1196 autem
731 1169 808 1209 per
852 1159 1001 1210 gentes
1039 1158 1166 1210 atque
1203 1156 1400 1211 regiones

117 1212 328 1268 singulas,
369 1225 555 1253 seorsum
591 1214 791 1252 manente
829 1211 998 1253 Achille
1036 1225 1132 1253 cum
1170 1211 1399 1265 Myrmido-

116 1283 220 1310 num
259 1267 458 1309 exercitu.
517 1267 553 1309 is
590 1281 795 1321 namque,
836 1281 1093 1321 quamquam
1132 1268 1186 1309 ob
1224 1267 1401 1309 inlatam
1419 1280 1451 1304 20

118 1325 172 1366 ab
217 1325 542 1379 Agamemnone
585 1324 786 1365 iniuriam
829 1327 871 1364 et
915 1323 1139 1365 abductam
1183 1323 1400 1377 Hippoda-

118 1381 248 1422 miam
278 1379 387 1422 nihil
408 1379 537 1421 animi
567 1379 799 1432 remiserat,
830 1382 974 1420 tamen
994 1380 1177 1420 maxime
1207 1379 1401 1434 indigna-

116 1441 206 1490 tus,
237 1435 351 1490 quod
389 1435 563 1490 reliquis
593 1435 770 1477 ducibus
800 1434 853 1476 ad
891 1449 1038 1476 cenam
1068 1435 1256 1477 deductis
1286 1435 1401 1477 solus

121 1492 386 1546 contemptui
424 1491 596 1533 habitus
634 1491 1000 1535 intermitteretur.
1068 1494 1253 1533 ceterum
1293 1491 1401 1533 ordi-

118 1551 221 1590 nato
261 1547 447 1589 exercitu
485 1561 532 1589 ac
571 1551 672 1589 tunc
710 1548 893 1601 primum
933 1547 1130 1589 omnibus
1170 1547 1302 1601 copiis
1332 1547 1453 1588 acl-25

120 1618 289 1646 versum
319 1617 362 1645 se
393 1603 611 1645 instructis
642 1603 849 1656 hostibus,
881 1603 953 1644 ubi
983 1607 1135 1645 neutra
1164 1617 1261 1658 pars
1292 1617 1402 1645 com-

118 1660 287 1702 mittere
325 1659 473 1713 audet,
541 1660 726 1714 aulisper
765 1659 810 1700 in
847 1659 941 1700 loco
980 1659 1157 1700 retentis
1195 1659 1402 1700 militibus

119 1720 335 1770 tamquam
365 1714 416 1756 de
445 1715 490 1756 in
522 1716 655 1757 ustria
683 1715 897 1769 utrimque
927 1716 1117 1769 receptui
1147 1716 1326 1757 canitur.

232 1770 453 1813 XXXVII.
493 1770 668 1826 Iamque
691 1771 841 1813 Graeci
862 1772 1041 1825 regressi
1063 1771 1116 1812 ad
1135 1785 1266 1812 naves
1286 1785 1403 1812 arma

121 1827 331 1883 deponere
361 1841 409 1869 ac
439 1827 599 1883 singuli
628 1841 704 1881 per
740 1827 834 1868 loca
871 1827 996 1869 solita
1027 1841 1179 1881 corpus
1209 1827 1303 1869 cibo
1335 1841 1402 1868 cu-
1421 1839 1455 1864 ³0

119 1898 213 1926 rare
252 1886 521 1938 occeperant,
567 1897 663 1925 cum
707 1883 897 1925 Achilles
942 1883 1079 1924 ultum
1123 1884 1184 1924 ire
1229 1883 1403 1937 cupiens

213 2010 230 2040 1
262 2008 337 2040 sole
362 2011 544 2040 monastes
577 2007 656 2047 ΕΒ,
694 2009 871 2049 expediuit
903 2008 1079 2040 Mer-cerus
1183 2009 1202 2039 2
1228 2019 1314 2040 cara
1341 2008 1402 2040 ΕΒ

121 2055 142 2087 3
167 2052 365 2085 talimeneo
385 2052 448 2085 ΕΒ
516 2054 538 2084 4
567 2052 755 2095 ippolichy
781 2053 844 2085 ΕΒ
925 2053 946 2084 6
966 2063 1096 2095 porcys
1124 2052 1185 2085 ΕΒ
1278 2054 1295 2084 7
1321 2062 1403 2094 pro-

120 2098 239 2130 minus
266 2097 328 2130 ΕΒ
375 2096 565 2130 Chromius
582 2097 761 2130 Mera-erus
780 2101 817 2130 et
834 2098 1019 2130 Ennomus
1045 2099 1177 2130 addidit
1193 2098 1404 2130 Dedericlzns

121 2143 143 2176 8
167 2142 341 2183 mydones
373 2143 401 2175 G
470 2142 634 2175 midones
659 2142 692 2174 B
729 2153 819 2176 corr.
851 2143 1060 2175 Dederichus
1088 2142 1092 2183 1
1130 2143 1350 2184 pureclimus
1377 2142 1403 2173 G

122 2187 364 2230 purechymus
388 2187 419 2219 Β
439 2185 444 2228 Ι
466 2188 567 2219 anxii
593 2187 649 2220 ΕΒ
711 2187 954 2228 Pyraechmes
984 2189 1068 2220 Axii
1103 2198 1192 2220 corr.
1226 2188 1404 2220 Mer-cerus

121 2234 143 2265 9
167 2242 314 2274 meropo
347 2231 408 2265 ΕΒ
430 2231 434 2272 Ι
455 2232 645 2264 adrestina
671 2232 734 2264 ΕΒ
757 2243 847 2265 corr.
872 2232 1053 2265 ὖΙει-εενιιε
1147 2234 1187 2265 10
1213 2241 1322 2273 asyus
1342 2231 1404 2263 ΕΒ

124 2277 430 2319 {praepositionem
455 2277 498 2309 de
530 2278 642 2309 adieci
665 2287 710 2309 ea:
741 2277 773 2309 B
794 2279 798 2318 1
823 2277 1022 2319 dymantho
1051 2277 1111 2309 ΕΒ
1204 2279 1246 2309 25
1270 2280 1343 2309 tum
1374 2275 1408 2305 V

122 2323 166 2354 30
191 2331 319 2354 curare
347 2322 385 2355 G.
411 2331 485 2363 sup.
511 2332 577 2355 scr.
606 2324 636 2355 1.
663 2333 702 2356 m,
