1621 2550
425 80 572 113 BELLx
597 79 794 113 'rammi
822 79 913 112 Lm.
942 81 988 112 11.
1296 82 1347 122 19

66 179 338 233 moravimus,
368 192 622 234 congressus
653 193 746 220 cum
770 178 958 233 Telepho
991 179 1181 232 ictusque
1212 181 1264 221 ab
1296 196 1345 222 eo

66 236 179 278 cadit
207 235 352 278 multis
381 238 524 277 tamen
544 235 733 277 hostium
763 238 861 276 ante
891 234 1146 276 interfectis:
1180 235 1223 276 in
1253 237 1346 289 quis

66 291 244 346 Telephi
284 291 501 345 comitem,
542 305 668 345 quem
706 305 777 332 rex
819 291 872 332 ob
911 290 1161 332 industriam
1193 291 1346 332 virium

65 352 192 402 atque
222 347 385 403 ingenii
415 348 528 388 inter
559 347 682 388 duces
714 347 916 400 habebat,
949 350 1117 388 strenue
1149 347 1348 388 dimican—

65 406 153 446 tem
173 404 519 446 obtruncaverat:
541 407 668 457 atque
699 403 758 444 ita
779 403 983 457 paulatim
1005 403 1140 444 elatus
1162 403 1345 444 seeundo
1365 417 1380 439 .·‚

64 460 167 502 belli
198 462 351 501 eventu
383 462 425 500 et
463 459 517 500 ob
556 459 598 500 id
628 459 789 500 maiora
827 459 989 500 viribus
1027 459 1247 513 adgressus
1286 460 1348 500 in-

65 516 284 557 terficitur.
354 519 480 569 atque
519 516 609 556 eins
648 517 869 556 cruentum
915 529 1067 568 corpus
1106 513 1348 567 Diomedes,

66 571 180 626 quod
211 572 249 613 ei
279 572 364 613 iam
395 575 487 613 tum
519 586 543 612 a
571 572 818 625 parentibus
849 574 1046 625 coeptum
1076 585 1173 611 cum
1204 584 1253 612 eo
1285 585 1348 611 so-

66 628 231 670 cietatis
261 628 326 669 ius
357 627 675 682 perseverabat,
707 627 862 668 umeris
895 626 1068 667 extulit:
1100 625 1226 680 idque
1258 627 1347 681 igni

67 687 318 737 crematum,
360 683 473 736 quod
512 683 799 736 superfuerat,
838 683 975 736 patrio
1015 696 1131 723 more
1169 682 1347 736 sepeliit.
1370 696 1399 718 ιιι

178 738 255 780 ΙΠ.
315 740 375 779 At
422 739 494 779 ubi
539 738 874 779 animadvertere
921 738 1110 779 Achilles
1155 741 1197 778 et
1240 738 1349 779 Aiax

68 794 341 836 Telamonius
362 808 519 858 magno
551 808 721 835 suorum
744 794 998 835 detrimento
1031 796 1228 834 eventum
1250 794 1349 834 belli

64 851 197 905 trahj,
239 851 468 892 exercitum
507 850 550 891 in
583 850 685 891 duas
724 853 864 904 partes
895 850 1163 903 dispertiunt,
1194 863 1241 890 ac
1273 864 1349 903 pro

62 909 255 970 tempore
293 907 503 948 cohortati
542 920 640 948 suos
677 910 895 970 tamquam
915 906 1161 947 iestauratis
1187 906 1348 946 viribus

65 963 202 1005 acrius
231 963 375 1004 hostes
406 963 650 1004 incurrunt:
689 963 770 1016 ipsi
809 961 935 1003 duces
973 962 1185 1016 principes
1216 965 1347 1002 certa·
1368 979 1399 1004 ις,

65 1019 214 1072 minis,
264 1033 360 1060 cum
403 1019 528 1060 modo
574 1019 899 1072 insequerentur
943 1018 1176 1073 fugientes,
1223 1017 1348 1058 modo

65 1075 364 1130 ingruentibus
393 1078 526 1116 semet
563 1075 697 1116 insta1
735 1075 844 1115 muri
868 1077 1162 1137 ‘opponeient
1223 1077 1349 1128 itque

63 1131 125 1172 ita
145 1131 262 1173 omni
283 1130 409 1173 modo
438 1131 565 1185 primi
586 1134 660 1172 aut
680 1131 792 1171 inter
813 1130 972 1184 primos
994 1130 1200 1171 bellantes
1231 1144 1348 1183 prae·

64 1187 220 1228 claram
259 1187 342 1228 iam
381 1190 472 1229 tum
510 1187 681 1228 virtutis
721 1201 820 1227 suae
859 1186 1017 1227 famam
1057 1185 1168 1239 apud
1207 1186 1349 1226 hostes

64 1247 190 1298 atque
238 1243 351 1284 inter
399 1257 499 1284 suos
557 1243 742 1284 effecere.
828 1243 1000 1283 interim
1050 1241 1348 1295 Teuthranius‚
1367 1259 1400 1283 20

65 1298 327 1340 Teuthrante
358 1301 401 1340 et
422 1300 545 1354 Auge
566 1300 749 1354 genitus,
781 1299 912 1340 frater
932 1298 1111 1352 Telephi
1142 1298 1348 1351 uterinus,

65 1355 136 1396 ubi
167 1355 468 1396 animadvertit
487 1355 661 1396 Aiacem
691 1358 812 1396 tanta
832 1355 1053 1395 adversum
1084 1368 1182 1395 suos
1212 1354 1350 1408 gloria

64 1410 357 1465 dimicantem,
395 1425 575 1465 propere
613 1411 665 1452 ad
703 1425 798 1452 eum
830 1410 1042 1452 convestit
1071 1410 1214 1463 ibique
1245 1423 1349 1464 pug-

63 1466 206 1509 nando
237 1467 346 1508 ictus
375 1467 461 1508 telo
493 1468 582 1508 eius
614 1467 824 1508 occubuit.
886 1467 974 1507 eius
1006 1480 1104 1507 casu
1135 1465 1348 1519 Telephus

65 1537 151 1565 non
201 1523 470 1564 mediocriter
526 1523 743 1578 perculsus
794 1523 1084 1576 ultionemque
1132 1521 1370 1563 fraternae
1364 1539 1397 1562 2..

64 1579 214 1621 mortis
258 1582 459 1633 expetens
503 1579 683 1620 infestus
728 1579 860 1620 aciem
905 1578 1069 1619 invadit
1113 1581 1172 1618 at(
1189 1592 1239 1619 ue
1289 1577 1347 1618 ibi

62 1634 223 1691 fugatis
254 1649 360 1688 quos
390 1635 609 1676 adversum
642 1635 770 1688 ierat,
809 1649 903 1675 cum
935 1634 1147 1675 obstinate
1222 1633 1346 1674 lixem

64 1670 175 1732 inter
205 1690 370 1745 vineas,
402 1705 510 1744 quae
540 1691 577 1731 ei
609 1691 703 1732 loeo
735 1667 958 1731 a'diunetae
990 1692 1124 1742 erant,
1156 1703 1275 1743 mse(
1280 1703 1348 1730 ue

63 1750 193 1800 retur,
224 1747 494 1801 praepeditus
524 1750 675 1788 tlunco
698 1746 795 1787 vitis
826 1747 923 1787 ruit.
983 1745 1025 1786 id
1055 1746 1128 1786 ubi
1159 1745 1349 1786 Achilles

62 1803 212 1857 procul
233 1802 545 1856 animadvertit,
575 1803 708 1844 telum
738 1802 945 1844 iaculatus
966 1802 1104 1843 femur
1128 1802 1387 1843 sinist1·:›«um
1373 1819 1398 1843 τι,

62 1859 154 1915 regi
182 1859 408 1914 transfigit.
475 1862 519 1900 at
548 1858 761 1913 Telephus
800 1858 967 1913 inpigre
1006 1871 1230 1913 resurgens
1268 1858 1347 1898 fer-

64 1929 157 1956 rum
188 1929 238 1956 ex
268 1929 446 1978 corpore
476 1914 661 1956 extrahit
698 1918 740 1956 et
769 1918 985 1969 protectus
1016 1928 1221 1955 concursu
1254 1928 1346 1955 sno-

64 1985 156 2011 rum
187 1972 240 2012 ab
270 1971 447 2012 instanti
479 1971 666 2025 pernicie
695 1970 898 2012 liberatus
929 1974 1004 2012 est.

152 2073 208 2106 111
233 2073 358 2105 Tzetz.
384 2073 573 2106 Antehom.
600 2074 664 2105 265
695 2083 796 2115 seqq.
826 2073 965 2105 Auctor
996 2072 1070 2105 τῶν
1098 2071 1276 2114 Τρωϊκῶν
1309 2073 1345 2103 in

62 2118 103 2150 B.
127 2117 199 2151 Uff.
225 2117 398 2151 XXXIII.

155 2209 196 2241 15
220 2182 336 2250 ipsit}
363 2207 426 2240 GR
517 2209 556 2239 21
583 2207 821 2240 theuthranto
841 2207 903 2239 GB
952 2206 1049 2249 alige
1078 2207 1140 2239 GB
1187 2207 1288 2248 Auge
1316 2206 1349 2236 V

61 2253 106 2286 25
135 2252 384 2295 ulcionemque
418 2251 479 2285 GB
570 2253 613 2285 29
637 2253 860 2295 praeteritus
893 2255 921 2288 G
951 2254 984 2284 in
1014 2263 1120 2294 marq.
1155 2254 1185 2285 1.
1211 2263 1250 2283 m.
1287 2250 1345 2282 uel

62 2297 300 2340 praepeditus
347 2297 405 2329 nel
431 2297 670 2339 praepeditus
695 2297 725 2329 B
824 2299 866 2330 33
892 2298 1078 2339 perniciae
1107 2296 1134 2328 G

1088 2353 1139 2389 2*
