1621 2550
212 95 268 134 46
624 93 798 127 DICTYs
824 93 1091 126 CRETENSIS

212 194 330 235 ribus
375 193 540 249 gravati
584 192 725 234 locum
771 193 969 234 amisere.
1020 192 1114 247 quis
1151 193 1284 234 versis
1329 193 1498 236 barbari

214 250 378 291 nullam
420 263 536 303 spem
575 249 783 302 reliquam
830 249 976 290 salutis
1022 248 1104 290 rati
1134 249 1224 290 sine
1262 249 1497 291 rectoribus

212 319 351 360 neque
382 319 561 358 usquam
592 307 707 346 certo
739 303 886 346 ordine
916 305 1109 358 palantes
1141 304 1345 359 effusique
1375 319 1498 348 ruere
1555 327 1558 329 *

214 361 266 403 ad
297 363 442 415 portas
480 374 614 414 eoque
654 364 746 402 arto
788 363 829 402 et
864 360 1186 415 properantium
1223 361 1499 403 multitudine
1555 394 1560 398 .

179 428 195 453 5
213 416 417 471 impedito
455 416 668 471 ingressu,
709 430 804 457 cum
850 431 977 470 super
1022 416 1152 457 alium
1195 416 1302 458 alius
1349 417 1498 459 ruinae

211 472 338 515 modo
368 472 769 527 praecipitarentur,
810 472 1056 525 supervenit
1085 486 1180 513 cum
1218 487 1346 527 supra
1375 473 1498 514 dictis

213 529 388 571 ducibus
424 528 547 569 Aiax.
607 530 699 568 tum
736 541 893 582 magna
927 528 991 569 vis
1026 528 1305 569 barbarorum
1333 528 1500 583 trepida

211 585 499 639 impeditaque
520 584 634 625 inter
654 597 697 625 se
719 597 837 625 caesa
855 583 1139 637 extinctaque,
1161 583 1206 624 in
1228 584 1322 637 quis
1337 583 1499 626 Priami
1558 620 1562 622 .

211 641 397 682 filiorum
436 639 654 694 Antiphus
698 642 740 681 et
776 639 955 692 Polites,
1003 643 1211 681 Pammon
1254 642 1499 694 Mestorque

161 708 194 733 10
212 700 339 751 atque
369 695 618 750 Euphemus
639 695 896 737 Troezenius
927 695 1011 736 dux
1049 696 1244 751 egregius
1276 695 1496 738 Ciconum.
1564 704 1565 708 ’

325 752 479 793 XLIV.
530 752 597 793 Ita
617 751 792 793 Troiani
821 752 949 806 paulo
981 755 1079 793 ante
1100 752 1295 806 victores,
1326 752 1400 793 ubi
1430 751 1500 793 ad-

211 811 345 850 ventu
374 808 518 850 Aiacis
557 808 733 849 fortuna
770 808 872 849 belli
910 810 1074 849 mutata
1104 810 1186 862 est,
1224 809 1356 850 versis
1387 808 1501 850 duci-

211 867 290 906 bus
319 878 480 918 poenas
509 864 623 905 luere
654 864 831 905 militiae
862 864 1140 905 inconsultae.
1199 868 1243 905 at-
1271 867 1501 918 postquam

212 920 468 962 adventante
507 934 684 973 vespera
722 921 892 975 signum
930 921 1088 961 nostris
1125 921 1314 974 receptui
1354 919 1500 962 datum

162 988 194 1014 15
215 979 291 1030 est,
322 976 503 1017 victores
533 976 718 1030 laetique
750 975 802 1017 ad
822 990 951 1017 naves
982 976 1163 1031 regressi
1183 991 1282 1018 mox
1313 976 1366 1018 ab
1386 977 1500 1073 Aga-

211 1046 440 1074 memnone
470 1035 668 1073 cenatum
699 1031 975 1074 deducuntur.
1036 1033 1095 1074 ibi
1128 1032 1239 1073 Aiax
1274 1032 1428 1074 conlau
1458 1047 1500 1074 a-

210 1092 280 1130 tus
310 1103 335 1130 a
364 1102 464 1144 rege
494 1088 618 1130 donis
650 1089 832 1144 egregiis
867 1088 1116 1130 honoratur.
1175 1102 1314 1142 neque
1344 1088 1499 1143 reliqui

212 1145 338 1186 duces
367 1144 481 1186 fact-a
511 1147 714 1199 gestaque
752 1145 834 1186 viri
864 1144 1034 1186 silentio
1064 1144 1309 1198 remittunt,
1341 1145 1499 1199 quippe
1567 1175 1570 1179 ψ

213 1199 372 1256 singuli
409 1201 661 1242 extollentes
699 1201 900 1242 virtutem
932 1215 1165 1242 memorare
1204 1178 1335 1242 fortia
1371 1201 1498 1254 facta,

161 1269 194 1294 20
213 1271 379 1299 eversas
419 1257 472 1298 ab
519 1271 567 1299 eo
613 1260 680 1298 tot
716 1257 943 1320 Phrygiae
980 1257 1172 1298 civitates
1212 1256 1499 1311 abductasque

211 1312 389 1367 praedas
420 1316 462 1354 et
491 1313 543 1354 ad
564 1316 827 1375 postremum
856 1328 902 1354 111
931 1313 1034 1366 ipsis
1064 1312 1244 1354 navibus
1275 1312 1499 1354 adversum

210 1369 442 1410 Hectorem
473 1368 689 1424 egregiam
719 1383 908 1424 pugnam
946 1369 1230 1432 liberatasque
1267 1369 1359 1424 igni
1397 1368 1500 1411 clas-

212 1439 289 1467 ses.
338 1439 477 1488 neque
508 1425 706 1479 cuiquam
728 1425 916 1479 dubium,
949 1425 1053 1479 quin
1075 1440 1124 1467 ea
1143 1427 1395 1479 tempestate
1432 1428 1499 1467 tot

213 1481 397 1536 egregiis
428 1495 475 1522 ac
495 1481 792 1535 pulcherrimis
814 1481 903 1523 eius
933 1481 1197 1523 facinoribus
1226 1495 1321 1536 spes
1351 1495 1498 1523 omnes

160 1548 193 1574 25
212 1540 340 1592 atque
372 1551 473 1591 opes
493 1537 671 1579 militiae
701 1538 747 1579 in
776 1537 854 1579 tali
883 1538 975 1579 viro
999 1538 1260 1579 sisterentur.
1312 1539 1500 1579 ceterum

210 1608 360 1648 proras
382 1593 559 1635 duarum
579 1594 767 1648 navium,
790 1594 943 1648 quibus
971 1593 1128 1636 inlatus
1157 1594 1270 1649 ignis
1292 1607 1386 1635 eam
1405 1608 1500 1648 par-

210 1653 297 1690 tem
318 1652 486 1690 tantum
507 1650 633 1692 modo
657 1653 989 1704 consumpserat,
1006 1650 1140 1704 Epios
1155 1650 1275 1691 brevi
1295 1650 1496 1692 restituit.

210 1709 386 1760 tumque
406 1705 556 1747 Graeci
574 1706 656 1747 rati
672 1708 770 1760 post
784 1706 940 1747 malam
955 1720 1145 1761 pugnam
1161 1705 1369 1747 Troianos
1390 1706 1497 1748 ulte-

211 1762 298 1803 rius
319 1761 428 1803 nihil
449 1761 604 1803 hostile
628 1775 804 1803 ausuros
827 1762 958 1816 quieti
980 1775 1028 1803 ac
1057 1762 1149 1803 sine
1173 1765 1334 1804 terrore
1357 1775 1495 1817 egere.

160 1829 193 1855 30
325 1817 456 1859 XLV.
506 1817 589 1859 Per
618 1817 730 1859 idem
761 1820 928 1872 tempus
958 1817 1123 1859 Rhesus
1154 1819 1290 1860 Eione
1357 1818 1498 1860 enitus

210 1874 324 1916 haud
355 1874 518 1915 alienus
548 1889 573 1915 a
602 1874 762 1916 Priami
799 1874 985 1916 amicitia
1021 1878 1145 1928 pacta
1180 1888 1317 1916 merce
1349 1889 1371 1915 e
1402 1889 1499 1916 cum
1567 1920 1575 1924 ,

210 1930 378 1986 magnis
416 1929 630 1972 Thracum
680 1931 812 1985 copiis
859 1930 1126 1972 adventabat.
1195 1931 1230 1972 is
1276 1930 1499 1973 incedente

211 1987 291 2028 iam
330 2000 507 2041 vespera
543 1987 761 2041 paulisper
804 1990 991 2029 moratus
1031 1987 1142 2042 apud
1188 1987 1496 2043 paeninsulam,

302 2091 322 2121 5
347 2100 476 2132 gressu
505 2090 553 2123 G¹
647 2092 666 2123 9
692 2100 834 2123 ammon
864 2094 1059 2132 nestorque
1096 2089 1158 2121 ΘΒ
1211 2090 1386 2122 Pammon
1417 2091 1496 2122 Me-

210 2137 287 2167 stor
318 2135 499 2167 Mercerus
613 2137 654 2168 10
691 2138 801 2177 atque
839 2146 899 2168 om.
940 2135 1018 2175 GB,
1055 2136 1135 2167 add.
1167 2135 1232 2167 VP
1263 2134 1268 2175 Ι
1305 2135 1498 2177 euphimus

213 2179 287 2219 ΕΒ,
312 2190 403 2212 corr.
437 2180 469 2211 V
539 2181 580 2212 18
603 2181 755 2219 sortasse
779 2181 989 2213 scribendum
1012 2185 1062 2212 est
1086 2181 1383 2222 praetermittunt
1453 2181 1498 2213 30

209 2225 294 2257 ione
327 2225 354 2257 G
410 2225 546 2258 cisione
579 2225 612 2257 B
666 2225 817 2259 deioneo
854 2226 896 2264 V,
929 2236 1020 2258 corr.
1052 2225 1231 2257 Mercerus
1322 2226 1365 2258 32
1396 2225 1499 2257 ince-

211 2269 309 2302 denti
336 2280 517 2312 auespera
543 2271 570 2302 G
618 2271 800 2303 incedenti
825 2281 983 2313 uespera
1008 2270 1051 2311 B,
1077 2281 1166 2303 corr.
1192 2271 1265 2302 VP.
1343 2272 1386 2303 33
1412 2269 1497 2312 peni

213 2315 280 2348 ins.
307 2314 340 2346 B
389 2316 499 2358 paein
523 2316 591 2349 ins.
620 2316 658 2351 G.
