1621 2550
192 408 209 433 5

176 690 209 714 10

176 969 209 994 15

176 1251 208 1275 20

175 1812 209 1838 30

226 71 280 113 82
639 71 813 105 mc'rxs
838 71 1107 105 CRETENsis

227 171 329 226 guli.
390 173 434 212 at
462 173 634 225 postero
667 170 732 212 die
762 185 839 224 per
860 170 1053 226 Chrysen
1084 171 1354 226 cognoscitur
1383 172 1508 214 Hele-

226 242 330 268 num
359 226 521 268 Priami
550 226 789 281 fugientem
819 227 954 268 scelus
984 227 1218 269 Alexandri
1248 228 1360 282 apud
1390 243 1434 270 se
1463 229 1510 270 in

226 283 388 338 templo
409 297 553 338 agere:
585 297 769 337 moxque
790 283 844 325 ob
870 283 913 324 id
932 284 1071 326 missis
1092 283 1298 326 Diomede
1321 286 1362 326 et
1382 283 1509 326 Ulixe

225 339 402 381 tradidit
432 353 521 380 sese
542 338 800 402 deprecatus
831 339 968 394 prius,
1010 340 1074 381 uti
1114 340 1195 381 sibi
1231 343 1396 394 partem
1435 341 1510 382 ali-

228 410 356 450 quam
385 395 594 450 regionis,
626 395 673 436 in
703 410 788 450 qua
815 396 1023 450 reliquam
1062 396 1193 437 vitam
1231 395 1403 451 degeret
1449 411 1510 438 se-

226 454 388 493 motam
417 452 469 492 ab
500 451 594 492 aliis
635 451 927 493 concederent.
978 451 1077 493 dein
1107 451 1158 492 ad
1196 466 1327 494 naves
1359 452 1511 494 ductus

226 508 300 549 ubi
338 508 516 549 001101110
554 507 712 548 mixtus
751 510 831 560 est,
879 507 1014 548 multa
1060 507 1177 561 prius
1215 508 1383 550 locutus
1420 523 1510 551 non

226 566 343 605 metu
382 564 441 604 ait
480 578 523 604 se
562 563 712 604 mortis
757 563 940 617 patriam
985 566 1268 618 parentesque
1306 564 1510 618 deserere,

227 621 300 661 sed
330 620 504 661 deorum
535 622 729 660 coactum
750 619 983 673 aversione,
1016 633 1197 674 quorum
1219 620 1394 662 delubra
1422 621 1510 662 vio-

226 676 307 717 lari
346 676 398 717 ab
428 675 671 717 Alexandro
709 690 848 730 neque
888 691 930 717 se
967 690 1105 730 neque
1138 677 1330 718 Aeneam
1369 677 1510 731 quisse

226 732 336 787 pati:
369 732 442 786 qui
472 734 666 773 metuens
699 731 956 774 Graecorum
988 732 1250 774 iracundiam
1281 733 1394 787 apud
1423 735 1512 775 An-

226 792 420 830 tenorem
450 791 596 843 ageret
635 803 862 842 senemque
894 792 1134 842 parentem,
1177 789 1226 830 de
1268 789 1387 830 cuius
1419 804 1510 830 ora-

227 844 322 886 culo
368 844 638 885 imminentia
680 845 876 886 Troianis
925 845 1038 886 mala
1084 859 1179 886 cum
1224 846 1509 900 cognovisset,

226 901 340 942 ultro
372 901 605 954 supplicem
636 900 688 941 ad
725 915 796 942 eos
828 901 1061 942 decurrere.
1121 904 1223 942 tunc
1261 901 1420 942 nostris
1449 901 1510 943 fe-

228 956 488 998 stinantibus
540 960 700 997 secreta
760 957 995 1010 dinoscere,
1043 956 1224 1011 Chryses
1280 961 1389 998 nutu
1447 958 1512 999 uti

228 1012 444 1054 silentium
476 1015 673 1068 ageretur
711 1012 923 1068 significat
967 1016 1094 1067 atque
1124 1013 1337 1055 Helenum
1368 1028 1510 1055 secum

227 1069 409 1110 abducit
470 1084 495 1110 a
526 1083 610 1123 quo
642 1069 792 1110 doctus
830 1071 982 1111 cuneta
1014 1070 1186 1111 Graecis
1224 1070 1288 1111 uti
1318 1070 1511 1112 audierat

226 1125 370 1178 refert
402 1124 519 1166 addit
548 1128 767 1179 praeterea
797 1128 963 1180 tempus
994 1125 1169 1167 Troiani
1201 1126 1353 1167 excidii
1383 1126 1511 1181 idque

227 1159 488 1223 administris
519 1182 664 1223 Aenea
695 1186 821 1236 atque
848 1183 1067 1223 Antenore
1098 1182 1203 1224 for.e
1253 1186 1344 1223 tum
1375 1197 1511 1224 recor-

228 1238 315 1279 dati
353 1252 521 1291 eorum,
561 1252 669 1292 quae
709 1237 887 1280 Calchas
925 1238 1133 1292 edixerat,
1175 1238 1320 1280 eadem
1359 1241 1512 1280 cuncta

227 1294 590 1349 congruentiaque
622 1294 981 1336 animadvertunt.

339 1350 454 1391 XIX.
514 1349 628 1391 Dein
657 1353 828 1404 postero
868 1350 935 1391 die
982 1364 1150 1405 egresso
1191 1350 1404 1405 utrimque
1434 1350 1511 1391 mi-

225 1406 300 1448 lite
331 1406 384 1447 ad
414 1406 659 1448 bellandum
703 1406 876 1460 plurimi
907 1406 1191 1448 Troianorum
1221 1406 1396 1460 cadunt,
1436 1406 1510 1448 sed

229 1477 280 1504 ex
311 1463 436 1504 sociis
467 1462 700 1503 auxiliariis
730 1478 828 1517 pars
859 1463 1056 1504 maxima.
1109 1466 1153 1504 at
1182 1463 1256 1504 ubi
1286 1462 1512 1504 vehemen-

192 1532 207 1556 5
227 1519 313 1561 tius
345 1519 396 1560 ab
436 1519 596 1560 nostris
634 1519 819 1560 instatur
858 1522 900 1560 et
939 1519 1056 1561 omni
1085 1534 1165 1573 ope
1195 1519 1356 1560 bellum
1387 1519 1510 1560 finire

225 1575 273 1616 in
303 1576 446 1617 animo
478 1578 554 1629 est,
586 1576 709 1631 signo
731 1575 829 1617 dato
861 1575 945 1617 dux
967 1576 1062 1617 duci
1094 1575 1278 1617 occurrit
1307 1579 1435 1630 atque
1464 1575 1511 1616 in

227 1646 270 1673 se
300 1632 511 1686 proelium
542 1634 811 1673 convertunt.
861 1635 964 1673 tunc
985 1631 1228 1674 Philocteta
1256 1645 1509 1687 progressus

227 1688 428 1730 adversus
457 1687 751 1730 Alexandrum
781 1688 963 1741 lacessit,
995 1688 1030 1729 si
1061 1688 1254 1742 auderet,
1286 1688 1509 1742 sagittario

227 1744 469 1786 certamine.
528 1745 588 1785 ita
619 1758 821 1786 concessu
856 1745 1077 1799 utriusque
1108 1745 1241 1798 partis
1273 1743 1420 1786 Ulixes
1451 1747 1512 1785 at-

230 1815 310 1855 que
341 1800 592 1855 Deiphobus
623 1801 806 1855 spatium
838 1801 1080 1842 certaminis
1112 1801 1333 1842 definiunt.
1378 1801 1513 1856 igitur

226 1857 389 1911 primus
412 1857 654 1898 Alexander
684 1858 896 1898 incassum
927 1857 1126 1913 sagittam
1148 1857 1381 1911 contendit,
1414 1857 1513 1898 dein

225 1913 468 1956 Philocteta
503 1914 720 1955 insecutus
759 1914 975 1955 sinistram
1013 1928 1187 1955 manum
1226 1913 1341 1955 hosti
1376 1916 1512 1955 trans-

226 1971 340 2025 figit,
372 1970 621 2012 reclamanti
652 1985 728 2024 per
759 1970 948 2012 dolorem
984 1969 1178 2011 dextrum
1210 1970 1380 2012 oculum
1418 1984 1513 2024 per-

318 2073 416 2106 XIX.
443 2072 569 2106 Malal.
597 2075 660 2106 140
687 2073 840 2106 Cedren.
868 2073 896 2105 P
923 2075 998 2108 130.

321 2155 337 2183 1
370 2153 515 2194 chrysin
542 2152 603 2184 GB
641 2152 812 2193 Chrysem
841 2153 870 2184 P
951 2154 992 2185 10
1017 2154 1186 2193 nequisse
1218 2152 1250 2183 B
1335 2153 1374 2183 12
1401 2162 1512 2194 agere

230 2197 292 2229 GB
333 2201 462 2239 ageret
487 2199 519 2229 P
609 2199 652 2230 23
679 2198 723 2229 ad
749 2197 1185 2229 bellandum—maxima
1205 2197 1273 2229 PV
1295 2197 1340 2229 ab
1361 2196 1513 2228 alexan-

228 2243 290 2274 dro
324 2242 460 2275 cadunt
493 2242 539 2274 ad
572 2242 658 2275 solis
691 2247 831 2285 partem
857 2243 1050 2275 maximam
1076 2242 1138 2276 GB
1237 2243 1280 2274 25
1306 2245 1424 2274 statur
1450 2241 1514 2275 GB

227 2298 317 2321 corr.
350 2288 414 2320 VP
503 2289 546 2319 ‘29
571 2288 687 2320 utrius
715 2288 751 2320 G.
