1621 2550
467 112 615 145 BELm
639 110 841 144 TROIANI
864 112 956 147 Lm.
983 113 1044 146 IV.
1339 113 1394 156 85

117 225 328 254 summum
365 210 463 252 fidei
500 209 906 264 benevolentiaeque
945 224 1047 265 erga
1077 211 1296 253 Graeciam
1334 216 1393 254 te-

118 267 366 310 stimonium
402 266 517 321 capit
559 266 825 320 maximeque
864 280 889 307 a
917 265 1120 319 Nestore,
1163 267 1277 321 quod
1307 267 1393 309 Me-

117 323 287 366 nelaum
325 322 491 364 insidiis
515 321 798 364 Troianorum
837 323 1073 376 appetitum
1108 323 1286 364 consilio
1317 338 1393 366 suo

116 382 244 434 atque
288 378 446 420 auxilio
483 378 670 420 filiorum
714 378 964 419 servaverit:
1012 393 1089 432 pro
1129 379 1223 433 quis
1267 379 1396 421 Troia

115 448 262 477 eversa
289 434 424 476 multa
453 434 670 489 praeclara
687 434 891 497 polliceri
929 433 1188 489 hortarique,
1220 436 1283 476 uti
1305 435 1392 491 dig·
1412 448 1427 470 ι’»

113 505 219 533 num
254 490 460 532 memoria
498 505 574 545 pro
613 490 759 532 amicis
796 490 1019 531 adversum
1055 490 1237 544 perfidos
1275 492 1393 533 moli-

113 551 243 589 retur.
302 550 405 588 tunc
434 547 608 602 longam
639 561 811 588 exorsus
842 547 1079 588 orationem
1110 561 1287 601 semper,
1319 549 1392 600 ait,

114 603 329 658 principes
366 602 518 645 Troiae
554 617 736 657 poenam
774 603 828 644 ob
867 603 975 644 male
1014 603 1208 644 consulta
1243 602 1395 644 divini—

113 662 183 701 tus
213 659 428 713 consequi.
480 659 577 700 dein
607 659 828 713 subiungit
849 658 1151 701 Laomedontis
1172 658 1394 700 adversum

113 715 343 757 Herculem
372 715 536 756 famosa
564 715 751 768 periuria
787 715 1106 769 insecutamque
1145 715 1234 756 eius
1271 715 1391 770 regni
1413 727 1444 751 ιο

114 771 398 812 eversionem:
437 785 521 825 qua
557 773 807 825 tempestate
845 770 1040 812 Priamus
1085 771 1287 825 parvulus
1327 771 1394 812 ad-

114 826 288 869 modum
332 829 459 881 atque
504 841 651 881 expers
699 841 910 880 omnium,
957 841 1064 881 quae
1103 830 1222 882 gesta
1261 831 1393 880 erant,

113 883 252 938 petitu
273 881 487 924 Hesionae
509 897 642 938 regno
674 883 896 937 impositus
927 886 1001 924 est.
1055 897 1150 924 eum
1171 883 1280 924 male
1311 883 1394 924 iam

93 937 212 980 'inde
250 938 529 993 desipientem
560 942 734 981 cunctos
765 939 972 994 sanguine
1004 943 1046 980 et
1081 940 1248 980 iniuriis
1285 939 1393 981 inse-

115 995 221 1036 ctari
265 995 458 1048 solitum,
511 1009 685 1050 parcum
729 995 775 1036 in
820 1010 895 1036 suo
945 998 1071 1050 atque
1121 998 1393 1049 appetentem
1413 1008 1444 1032 15

115 1051 264 1105 alieni,
303 1066 387 1105 quo
419 1051 613 1106 exemplo
651 1051 782 1092 veluti
813 1051 995 1105 pessima
1033 1052 1289 1106 contagione
1319 1052 1394 1092 im-

114 1107 240 1149 butos
277 1107 388 1149 filios
426 1107 515 1148 eius
554 1122 692 1161 neque
732 1121 850 1149 sacro
882 1122 1019 1161 neque
1055 1108 1237 1161 profano
1268 1108 1394 1148 absti-

114 1163 269 1204 nuisse.
346 1165 532 1204 ceterum
577 1178 619 1205 se
665 1163 810 1205 eadem
854 1164 1004 1218 stirpe,
1050 1178 1131 1218 qua
1178 1163 1393 1204 Priamum

115 1219 287 1262 Graecis
317 1219 611 1271 coniunctum,
650 1220 792 1261 animo
824 1234 990 1274 semper
1027 1220 1079 1261 ab
1111 1234 1159 1261 eo
1192 1219 1393 1261 discerni:

114 1275 349 1317 Hesionam
388 1276 545 1330 quippe
582 1275 721 1317 Danai
761 1276 893 1317 filiam
929 1276 1143 1317 Electram
1183 1276 1393 1330 genuisse,
1412 1287 1445 1313 20

115 1346 166 1374 ex
205 1346 289 1386 qua
319 1334 459 1373 ortum
489 1331 756 1385 Dardanum,
787 1337 857 1383 qui
885 1331 1088 1374 Olizonae
1119 1332 1273 1373 Phinei
1304 1333 1395 1372 iun-

116 1391 208 1430 ctus
245 1387 576 1429 Erichthonium
606 1388 799 1442 ediderit,
841 1388 930 1429 eius
961 1387 1086 1441 Tros,
1127 1387 1224 1429 dein
1263 1403 1313 1429 ex
1344 1401 1394 1429 eo

113 1443 201 1485 Ilus
244 1444 510 1498 Ganymedes
549 1447 591 1485 et
630 1443 908 1497 ermestra,
947 1459 997 1486 ex
1029 1443 1288 1486 Cleomestra
1318 1443 1396 1485 As-

114 1514 302 1553 saracus,
333 1504 460 1554 atque
498 1514 548 1541 ex
587 1514 636 1542 eo
669 1499 807 1555 Capys
845 1500 1060 1542 Anchisae
1091 1503 1225 1555 pater.
1283 1500 1396 1541 Ilum

115 1555 213 1598 dein
242 1555 478 1598 Tithonum
508 1559 550 1598 et
580 1556 914 1598 Laomedontem
951 1556 1168 1612 genuisse,
1209 1571 1258 1597 ex
1290 1556 1395 1598 Lao-
1413 1568 1447 1594 25

112 1611 312 1654 medonte
357 1611 636 1654 Hicetaonem
683 1612 869 1667 Clytium
906 1612 1113 1668 Lampum
1159 1613 1397 1654 Timoetem

114 1667 395 1710 Bucolionem
442 1671 568 1723 atque
606 1669 824 1710 Priamum
869 1670 1038 1724 genitos
1077 1683 1305 1722 rursusque
1345 1682 1395 1709 ex

115 1723 376 1767 Cleomestra
413 1728 455 1766 et
493 1728 666 1778 Aesyete
707 1739 750 1766 se
787 1726 993 1781 genitum.
1062 1728 1248 1766 ceterum
1279 1724 1396 1766 Pria-

115 1795 230 1822 mum
261 1783 415 1822 cuncta
445 1781 538 1822 iura
568 1760 813 1823 adfinitatis
827 1781 1145 1845 proculcantem
1182 1781 1318 1836 magis
1350 1781 1396 1821 in

115 1851 214 1879 suos
244 1837 486 1892 superbiam
515 1840 642 1891 atque
682 1837 825 1879 odium
861 1838 1108 1879 exercuisse.
1167 1841 1446 1891 postquamso

113 1893 243 1935 finem
272 1893 475 1948 loquendi
504 1893 626 1947 fecit,
657 1893 857 1948 postulat,
889 1894 964 1947 uti,
1001 1895 1204 1948 quoniam
1235 1908 1258 1934 a
1289 1893 1396 1934 seni-

113 1949 193 1990 bus
223 1949 389 2004 legatus
409 1949 525 2004 pacis
544 1950 697 1991 missus
719 1953 840 2004 esset,
863 1950 1012 1996 darent-
1033 1950 1082 1992 de
1106 1965 1182 1991 suo
1203 1963 1395 2003 numero,

204 2065 225 2095 4
251 2074 307 2097 eu.
335 2074 367 2106 p.
395 2073 428 2105 q.
454 2063 513 2095 Tr.
540 2063 602 2096 ΕΒ
650 2075 682 2106 p.
710 2075 742 2106 q.
770 2064 828 2096 Tr.
858 2075 912 2096 eu.
939 2065 1008 2096 PV
1100 2066 1140 2096 15
1165 2074 1314 2106 prauum
1339 2063 1396 2095 in·

117 2111 260 2140 suetum
285 2109 372 2145 libri,
397 2119 488 2141 corr.
515 2108 554 2140 V.
574 2109 830 2141 Hildebrandus
847 2120 911 2142 non
929 2112 1012 2142 male
1031 2109 1136 2152 praui
1154 2120 1221 2141 nce
1247 2109 1300 2141 uel
1323 2118 1397 2140 non

116 2153 302 2185 insuetum
395 2155 436 2185 21
463 2163 533 2195 quo
560 2153 622 2185 ΕΒ
643 2153 647 2195 Ι
671 2155 730 2195 qui
755 2153 898 2196 addidi!
920 2155 1057 2187 obzone
1085 2154 1146 2187 ΕΒ
1172 2155 1216 2194 cf.
1244 2164 1276 2196 p.
1302 2155 1357 2193 55,
1376 2153 1397 2184 8

117 2197 232 2238 lfinei
265 2198 326 2231 ΕΒ
354 2198 359 2241 Ι
386 2199 530 2230 iunctos
564 2198 626 2230 ΕΒ
679 2200 825 2231 iunctus
863 2199 895 2231 V
1008 2201 1050 2231 ‘22
1088 2199 1336 2231 erecthonium
1371 2197 1399 2229 G

116 2243 241 2276 ericth.
274 2243 307 2275 B
333 2243 339 2285 Ι
368 2244 402 2276 ei
432 2243 575 2275 dederit
608 2243 670 2276 ΕΒ
719 2243 873 2276 ediderit
910 2244 1092 2277 Obrechtus
1207 2245 1249 2276 ‘23
1286 2252 1398 2285 gany-

116 2287 232 2320 medis
258 2288 286 2320 G
390 2289 433 2321 25
459 2289 584 2321 Laom.
610 2299 692 2330 gen.
721 2300 764 2321 ex
789 2300 849 2321 om.
877 2290 904 2322 G
952 2300 1034 2331 gen.
1061 2300 1104 2321 ex
1130 2290 1254 2321 Laom.
1280 2299 1340 2319 om.
1367 2286 1399 2317 Β

116 2333 215 2365 addit
238 2333 310 2366 PV
400 2335 444 2366 28
476 2337 577 2366 soete
605 2333 678 2373 ΕΒ,
705 2334 862 2376 Aesyete
889 2336 1036 2367 restituit
1061 2333 1250 2366 ,Ἡρη-πυτ,
