1621 2550
411 105 559 141 BELLI
583 105 784 140 TRolAM
809 107 900 140 Lm.
925 108 953 142 1.
1306 109 1332 149 9

56 210 198 250 essent
225 209 432 261 repetens.
482 209 586 247 tunc
615 205 810 247 Priamus
839 206 951 247 inter
971 207 1140 261 regulos
1171 208 1332 251 medius

56 263 227 306 adstans
264 263 378 305 facto
416 261 586 304 silentio
631 261 850 315 optionem
886 261 1095 315 Helenae,
1133 278 1240 317 quae
1278 265 1332 306 ob

55 319 100 361 id
127 319 174 361 in
212 320 484 373 conspectum
513 317 783 372 popularium
815 321 1010 372 venerat,
1050 318 1191 372 offert,
1229 320 1264 360 si
1295 320 1333 360 ei

55 374 269 417 videretur
311 374 483 416 domum
526 373 579 414 ad
629 387 727 415 suos
771 373 949 428 regredi.
1020 389 1146 428 quam
1190 374 1334 416 ferunt

55 430 208 472 dixisse
237 443 376 484 neque
406 444 450 471 se
480 429 659 470 invitam
688 429 930 484 navigasse,
960 443 1098 483 neque
1129 431 1209 471 sibi
1238 444 1332 472 cum
1351 442 1367 468 5

55 485 240 528 Menelai
269 485 542 549 matrimonio
574 485 813 526 convenire.
874 485 934 526 ita
962 485 1099 549 reguli
1130 486 1334 528 habentes

54 541 264 584 Helenam
283 556 372 583 non
393 541 484 583 sine
506 541 787 583 exsultatione
808 555 858 582 ex
879 541 1079 583 contione
1102 540 1333 583 discedunt.

169 597 243 639 XI.
293 597 372 639 His
401 597 505 639 actis
536 596 682 638 Ulixes
720 597 987 638 contestandi
1024 597 1160 652 magis
1198 598 1336 653 gratia

57 667 183 708 quam
212 652 373 707 aliquid
403 667 452 694 ex
483 653 676 694 oratione
712 652 977 706 profecturus
1013 656 1183 707 cuncta,
1228 667 1335 707 quae

55 709 108 751 ab
151 707 393 750 Alexandro
438 711 586 749 contra
630 707 851 749 Graeciam
895 709 1069 764 indigne
1113 709 1386 750 commissam

56 767 207 816 essent,
237 764 440 805 retexuit:
472 764 526 805 ob
557 777 664 818 quae
685 763 890 805 ultionem
913 765 1029 805 brevi
1059 767 1239 806 testatus
1261 767 1335 808 est

56 820 155 862 dein
184 818 405 862 Menelaus
434 819 498 860 ira
525 820 711 874 percitus
742 819 874 861 atroci
904 819 1025 861 vultu
1056 820 1231 862 exitium
1261 821 1336 861 mi-

55 878 182 918 natus
219 875 447 917 concilium
492 875 679 917 dimittit.
747 889 855 930 quae
893 875 966 917 ubi
1012 875 1065 917 ad
1103 875 1336 917 Priamidas

54 928 219 986 perlata
248 934 366 985 sunt,
406 931 661 973 confirmant
698 931 810 972 inter
840 945 883 972 se
915 931 1036 986 clam,
1067 932 1128 973 uti
1160 946 1236 986 per
1266 931 1335 973 do-

56 987 146 1029 lum
174 987 337 1042 legatos
367 987 715 1029 circumveniant.
775 987 1002 1029 credebant
1031 988 1201 1042 quippe,
1223 987 1336 1042 quod
1356 998 1387 1024 15

55 1057 145 1085 non
173 1042 333 1085 frustra
361 1057 433 1086 eos
462 1043 632 1098 habuit,
667 1043 702 1084 si
733 1043 864 1098 legati
894 1043 1130 1098 inperfecto
1160 1044 1336 1099 negotio

55 1099 346 1153 revertissent,
383 1099 476 1141 fore
507 1099 568 1141 uti
599 1099 821 1141 adversum
859 1113 902 1140 se
939 1099 1098 1155 grande
1129 1099 1337 1154 proelium

55 1155 350 1197 concitaretur.
424 1155 556 1211 igitur
595 1156 812 1209 Antenor,
857 1156 975 1197 cuius
1019 1155 1069 1196 de
1115 1155 1338 1197 sanctitate

55 1224 222 1253 morum
253 1225 382 1266 supra
402 1212 742 1265 memoravimus,
763 1211 981 1252 Priamum
1011 1213 1212 1253 convenit
1241 1225 1338 1253 con-

57 1267 396 1322 iurationemque
416 1267 573 1309 factam
593 1267 888 1322 conqueritur.
919 1267 1030 1309 filios
1062 1268 1218 1322 quippe
1249 1268 1338 1309 eius
1357 1278 1388 1303 20

58 1336 147 1365 non
166 1322 332 1378 legatis,
354 1323 427 1365 sed
447 1323 646 1365 adversus
677 1338 720 1365 se
741 1323 916 1365 insidias
937 1338 1105 1378 parare:
1134 1337 1272 1378 neque
1296 1323 1339 1364 id

57 1392 100 1420 se
120 1393 356 1433 passurum.
396 1379 493 1420 dein
513 1393 603 1422 non
624 1379 759 1421 multo
780 1382 878 1434 post
906 1379 1058 1435 legatis
1079 1394 1167 1421 rem
1189 1379 1336 1442 aperit.

56 1435 119 1475 ita
149 1434 378 1489 exploratis
419 1435 616 1477 omnibus
654 1435 845 1477 adhibito
876 1414 1099 1490 praesidio,
1131 1449 1226 1476 cum
1256 1435 1339 1489 pri-

56 1504 174 1532 mum
204 1493 493 1545 opportunum
522 1491 660 1533 visum
691 1494 766 1544 est,
797 1491 1026 1533 inviolatos
1057 1505 1128 1533 eos
1149 1490 1338 1532 dimittit.

169 1545 266 1588 XJI.
317 1546 430 1589 Dum
452 1549 555 1588 haec
586 1547 698 1601 apud
721 1547 892 1588 Troiam
923 1550 1120 1602 aguntur,
1152 1546 1339 1588 dissemi-
1357 1557 1390 1582 25

57 1604 159 1643 nata
188 1602 273 1665 iam
302 1616 378 1657 per
407 1603 648 1644 universam
679 1602 900 1644 Graeciam
938 1603 1053 1645 fama
1087 1617 1233 1644 omnes
1263 1602 1340 1644 Pe-

56 1657 128 1711 lop
131 1656 224 1699 idae
254 1657 300 1699 in
330 1672 462 1699 unum
492 1658 755 1721 conveniunt
791 1662 918 1712 atque
955 1659 1207 1712 interposita
1236 1658 1340 1699 iuris

59 1713 227 1755 iurandi
256 1713 486 1769 religione,
523 1714 570 1755 ni
606 1713 772 1755 Helena
809 1728 904 1755 cum
935 1714 1121 1768 abreptis
1151 1713 1340 1755 reddere·

57 1772 148 1823 tur,
178 1769 338 1811 bellum
375 1783 418 1811 se
449 1746 618 1812 Priamo
656 1770 864 1811 inlaturos
895 1770 1159 1812 confirmant.
1210 1770 1340 1825 legati

150 1862 192 1893 19
217 1861 342 1894 Tzetz.
367 1860 556 1894 Antehom.
584 1863 643 1893 161

149 1951 170 1981 5
194 1959 312 1991 neque
339 1959 378 1982 se
403 1951 557 1982 inuitam
582 1951 778 1993 nauigasse
804 1961 866 1983 om.
896 1950 934 1984 G.
981 1961 1045 1991 pro
1078 1951 1128 1981 leis
1158 1959 1275 1992 neque
1302 1959 1340 1982 se

60 1994 219 2037 patriam
250 1993 394 2036 regredi
423 1994 521 2027 uelle
552 1995 603 2036 B,
635 2001 806 2038 utrumque
836 1995 935 2027 habet
963 1995 993 2026 P
1093 1998 1113 2028 6
1139 2004 1340 2027 conuenere

63 2038 104 2072 6Ι
129 2049 220 2073 corr.
247 2040 281 2072 2.
303 2049 344 2071 m.
435 2040 456 2072 8
477 2041 593 2080 ,qratia
623 2051 684 2073 om.
712 2040 750 2073 6.
781 2051 855 2082 sup.
886 2051 954 2071 scr.
986 2041 1018 2072 2.
1044 2051 1083 2073 m,
1131 2040 1249 2071 abesse
1273 2041 1344 2070 uult

60 2083 326 2118 Hildebrondus.
457 2085 477 2116 9
507 2084 718 2126 profuturus
757 2084 835 2126 68,
879 2085 1041 2117 Heinsius
1077 2089 1110 2117 et
1148 2085 1344 2116 Perizonius

60 2129 274 2162 coniecerunt
310 2128 542 2171 profecturus
624 2133 760 2162 cuncta
796 2139 890 2172 quae
934 2130 980 2162 ab
1027 2128 1223 2161 alexandro
1261 2138 1343 2161 con-

60 2177 118 2206 tra
141 2174 304 2216 greciam
334 2173 486 2216 indigne
517 2183 608 2207 com.
642 2174 681 2207 G.
714 2176 748 2206 in
776 2185 881 2217 mary.
985 2176 1023 2206 11
1055 2174 1234 2207 ultionem
1265 2173 1343 2214 regi

61 2218 102 2256 (i.
128 2227 158 2251 e.
186 2227 305 2250 coram
335 2220 438 2261 rege)
464 2222 625 2252 testatus
649 2223 707 2252 est
730 2221 843 2251 maluit
873 2219 1102 2261 H'opkensius
1197 2220 1236 2250 12
1263 2222 1343 2249 atro

64 2261 106 2295 G¹
131 2263 165 2295 ci
190 2264 223 2298 2.
241 2274 283 2295 m.
307 2273 382 2305 cup.
407 2273 474 2298 scr.
568 2265 610 2296 20
636 2264 861 2306 conquiritur
887 2264 975 2297 G²B
1059 2265 1101 2296 24
1128 2266 1342 2306 oportunum

63 2306 126 2340 GB
151 2313 183 2340 el
206 2309 255 2340 ila
278 2310 427 2350 saepius.

1600 2088 1612 2258 ’ἱ

1607 2258 1621 2338 {-

1604 2389 1621 2550 -nss‘t'
1607 2372 1610 2380 ’
