1621 2550
174 101 231 142 40
588 101 760 135 DicTYs
787 102 1049 136 CRETENsls

176 204 240 243 tot
275 200 486 242 bellorum
523 200 722 241 victorias
768 214 816 242 ac
861 200 974 243 facta
1009 201 1139 244 fortia
1174 201 1462 257 Hippodamia

177 270 423 298 concessum
461 270 538 309 pro
585 255 801 297 laboribus
844 258 1080 310 praemium
1133 272 1209 312 per
1260 259 1462 301 iniuriam

177 312 359 354 abducta
389 314 509 353 esset.
561 311 659 352 dein
688 312 904 354 venientes
935 313 987 354 ad
1014 324 1061 355 se
1083 314 1206 368 duces
1229 314 1345 356 aditu
1365 329 1461 369 pro-

178 368 324 410 hibere
354 381 493 422 neque
532 367 729 421 cuiquam
766 369 998 410 amicorum
1029 370 1268 424 ignoscere,
1300 372 1373 425 qui
1403 385 1463 424 se,

144 436 161 461 5
179 424 403 466 adversum
432 424 766 478 Agamemnonis
797 425 1076 466 contumelias
1111 439 1205 467 cum
1237 426 1464 468 defendere

177 480 336 534 liceret,
368 479 662 521 deseruissent.
714 480 830 520 intus
859 480 992 534 igitur
1011 495 1187 522 manens
1217 481 1463 524 Patroclum

179 540 221 578 et
250 536 506 588 Phoenicen,
538 535 652 576 hunc
682 549 850 576 morum
879 535 1142 590 magistrum,
1180 537 1360 579 alterum
1390 539 1463 580 ob-

179 592 336 646 sequiis
367 591 578 632 amicitiae
609 605 775 645 carum,
815 594 856 632 et
888 592 1079 646 aurigam
1110 607 1232 634 suum
1260 595 1466 635 Autome-

179 647 352 689 dontem
384 661 525 688 secum
555 646 778 688 retinebat.

129 716 161 741 10
291 702 470 745 XXXV.
528 702 611 744 Per
649 702 761 744 idem
798 706 966 757 tempus
1003 704 1115 758 apud
1145 703 1318 746 Troiam
1349 719 1466 747 exer-

180 760 288 801 citus
328 759 540 801 sociorum
579 759 735 813 quique
773 759 966 800 mercede
1004 760 1200 802 conducti
1239 761 1467 803 auxiliares

183 816 328 869 copias
359 815 642 868 adduxerant,
674 818 864 868 tempore
893 816 1029 857 multo
1061 815 1218 858 frustra
1247 818 1349 859 trito
1381 826 1464 859 tae-

180 874 305 913 dione
320 886 375 912 an
391 870 684 913 recordatione
701 885 873 912 suorum
887 870 1002 913 domi
1019 871 1270 914 seditionem
1289 873 1467 927 occipie-

180 927 298 968 bant.
360 927 473 980 quod
503 927 576 968 ubi
607 927 908 968 animadvertit
934 926 1095 969 Hector
1125 936 1294 970 coactus
1324 943 1468 970 neces-

129 995 162 1020 15
180 983 305 1024 sitate
334 982 543 1024 militibus
582 987 631 1023 ut
660 982 773 1036 apud
810 997 928 1024 arma
958 987 1097 1025 essent
1127 985 1245 1026 iubet
1274 999 1323 1026 ac
1353 999 1466 1038 mOX,

179 1039 253 1080 ubi
285 1039 456 1094 signum
487 1038 678 1092 daretur,
718 1042 995 1093 sequerentur
1028 1054 1130 1082 sese.
1191 1041 1323 1096 igitur
1352 1049 1468 1095 post-

180 1109 308 1149 quam
328 1098 496 1149 tempus
518 1094 656 1136 visum
678 1098 741 1136 est
768 1097 810 1136 et
831 1109 977 1137 omnes
997 1096 1043 1137 in
1064 1097 1191 1138 armis
1212 1096 1469 1138 nuntiaban-

179 1154 262 1205 tur,
293 1151 412 1193 iubet
441 1150 604 1206 egredi:
636 1151 726 1205 ipse
757 1151 840 1192 dux
862 1154 989 1205 atque
1019 1152 1251 1206 imperator
1274 1153 1466 1194 militiae.

293 1206 377 1248 Res
414 1206 630 1261 postulare
668 1206 836 1249 videtur
873 1222 1019 1249 eorum
1056 1222 1196 1263 reges,
1245 1209 1318 1263 qui
1363 1209 1468 1251 socii

128 1275 162 1301 20
181 1266 308 1317 atque
346 1263 470 1304 amici
507 1262 659 1304 Troiae
690 1263 847 1317 quique
885 1265 939 1305 ob
974 1264 1210 1305 mercedem
1242 1265 1470 1306 auxiliares

182 1333 232 1360 ex
262 1319 438 1360 diversis
468 1319 716 1373 regionibus
755 1320 962 1361 contracti
992 1319 1303 1361 Priamidarum
1337 1321 1469 1375 impe-

180 1375 292 1416 rium
337 1375 645 1429 sequebantur,
691 1374 865 1416 edicere.
939 1375 1102 1429 primus
1153 1376 1285 1432 igitur
1332 1377 1471 1431 portis

182 1431 366 1485 erumpit
403 1430 623 1472 Pandarus
664 1429 862 1484 Lycaone
901 1432 1072 1487 genitus
1109 1446 1159 1473 ex
1189 1432 1331 1487 Lycia,
1370 1432 1470 1474 dein

180 1486 457 1541 Hippothous
502 1490 544 1528 et
572 1486 751 1541 Pylaeus
781 1487 894 1528 Lellzi
933 1502 983 1529 ex
1021 1487 1191 1530 Larissa
1226 1488 1469 1544 Pelasgida-

131 1555 165 1581 25
182 1557 289 1596 rum,
321 1544 502 1584 Acamas
524 1542 691 1585 Eussori
721 1551 758 1584 et
787 1543 910 1584 Piros
932 1558 982 1585 ex
1011 1543 1204 1599 Thracia,
1234 1547 1333 1599 post
1362 1558 1473 1599 quos

180 1598 430 1653 Euphemus
461 1598 717 1640 Troezenius
749 1598 935 1641 Ciconiis
965 1600 1219 1655 inperitans,
1251 1600 1470 1655 Pylaeme-

181 1669 256 1696 nes
296 1655 618 1709 Paphlagonius
655 1658 775 1707 patre
813 1654 945 1697 Melio
983 1656 1215 1711 gloriosus,
1256 1655 1388 1698 Odius
1428 1659 1472 1698 et

181 1710 468 1765 Epistrophus
498 1710 576 1751 filii
605 1709 743 1751 Minui
772 1712 1049 1753 Alizonorum
1078 1725 1199 1767 reges
1209 1745 1229 1766 ,¹
1251 1711 1472 1766 Sarpedon

272 1824 408 1856 XXXV
432 1826 551 1858 Dares
577 1824 759 1867 Phrygius
785 1835 817 1856 c.
844 1823 977 1860 XVIII.

273 1916 293 1947 8
331 1914 625 1946 automedentem
671 1914 698 1946 G
804 1915 844 1945 12
883 1914 1053 1947 frustrari
1083 1919 1161 1948 tota
1207 1915 1367 1948 editione
1406 1915 1476 1947 GV

185 1959 321 1991 frustra
348 1960 433 1991 trito
460 1956 622 1991 editione
649 1958 681 1990 B
707 1969 797 1993 corr.
823 1959 1001 1992 Herc-ems
1088 1962 1128 1992 13
1154 1959 1473 1992 domiseditionem

183 2004 271 2043 mari,
291 2004 553 2036 domuitionem
570 2004 763 2040 Mereerus.
781 2005 818 2036 in
836 2003 977 2037 domurn
1003 2004 1220 2038 reditionem
1237 2005 1448 2037 Dedericlzus
1465 2004 1469 2045 Ι

184 2049 423 2090 accipiebant
456 2049 517 2081 GB
617 2050 660 2081 ‘20
686 2048 862 2081 axiliares
889 2049 916 2081 G
986 2051 1029 2082 24
1052 2050 1260 2092 yppothous
1286 2050 1313 2082 G
1359 2060 1473 2092 yppo-

185 2097 267 2125 tous
293 2093 325 2125 B
347 2092 351 2134 Ι
373 2093 471 2135 pylei
499 2093 560 2126 GB
586 2095 683 2135 l0719e
709 2095 840 2126 recedit
865 2105 885 2126 a
911 2094 1016 2135 libris,
1042 2096 1133 2137 quod
1155 2096 1334 2137 proposuit
1359 2095 1472 2127 Dede·

183 2139 296 2170 richus
339 2142 376 2171 et
418 2138 579 2180 Pylaeus
628 2138 738 2171 Lethi
773 2138 1059 2181 lpelagidarum
1099 2139 1161 2172 GB
1276 2141 1319 2172 25
1355 2139 1474 2171 anieri

184 2182 276 2225 pleri
296 2183 324 2216 G
364 2185 477 2215 ameri
496 2183 605 2226 plena
623 2183 655 2215 B
695 2184 848 2216 Eussori
867 2188 904 2216 et
928 2185 1103 2217 admodum
1128 2186 1293 2217 uiolenter
1317 2186 1474 2217 cor-remit

183 2229 393 2260 Dedericlzus
415 2227 420 2269 ξ
441 2239 549 2271 pyros
583 2228 644 2261 GB
738 2230 780 2260 26
811 2230 999 2271 tryzenius
1026 2230 1054 2262 G
1145 2230 1188 2261 28
1226 2239 1418 2261 azanornm
1446 2229 1475 2261 G

185 2273 424 2306 atanorumB
455 2273 646 2305 Alizonum
673 2276 829 2306 0077·e.1-1't
858 2275 1058 2316 Vindinyius
1079 2273 1083 2315 Ι
1104 2274 1337 2307 Alizonorum
1364 2275 1475 2306 Dede-

183 2319 295 2350 riclzus
320 2318 530 2351 Eustachium
562 2324 706 2351 secutus.
