1621 2550
269 93 322 136 98
681 94 857 128 DICTYS
883 94 1146 129 ORETENSIS

270 194 324 236 ob
353 194 585 258 pretiosam
616 195 789 235 vestem.
844 193 976 249 igitur
1005 195 1078 236 ubi
1100 195 1227 237 satias
1249 196 1424 238 Τ1016111
1454 212 1549 239 5611-

269 250 412 306 guinis
441 250 581 291 tenuit
619 252 662 290 et
698 249 798 290 urbs
827 249 1034 292 incendiis
1065 252 1336 306 complanata
1367 256 1441 306 est,
1471 254 1552 295 ini-

267 285 375 348 tium
406 305 631 347 solvendae
662 319 738 359 per
766 306 966 368 praedam
986 307 1163 348 militiae
1194 309 1379 363 capiunt,
1410 310 1551 363 primo

270 377 294 403 a
313 362 483 403 feminis
505 361 683 416 captivis
703 362 930 425 puerisque
951 362 1089 404 adhuc
1113 364 1354 406 inbellibus.
1406 366 1551 420 itaque

234 430 321 459 5ex
359 418 426 459 his
463 418 602 472 prima
640 418 830 459 omnium
867 418 1035 459 Helena
1072 420 1163 460 sine
1202 423 1315 462 sorte
1354 421 1550 463 Menelao

269 474 534 528 conceditur,
574 474 672 515 dein
699 473 918 527 Polyxena
948 474 1150 516 suadente
1179 475 1304 517 Ulixe
1334 491 1410 530 pel
1439 476 1552 519 Neo—

267 530 503 584 ptolemum
533 530 694 571 Achilli
723 529 899 571 inferias
930 530 1076 583 missa,
1108 532 1423 586 Agamemnoni
1454 532 1551 575 Cas-

268 586 422 627 sandra
459 586 601 639 datur,
648 588 874 639 postquam
919 586 1059 627 forma
1106 587 1194 628 eius
1233 591 1399 642 captus,
1447 590 1552 643 quin

267 643 409 696 palam
439 641 692 683 desiderium
722 641 946 696 fateretur,
986 642 1250 685 dissimulare
1288 645 1551 699 nequiverat,

217 711 249 736 10
268 698 475 739 Aethram
513 701 555 739 et
593 697 839 752 Clymenam
875 697 1162 762 Demophoon
1206 702 1333 754 atque
1371 702 1553 742 Acamas

266 754 464 796 habuere.
511 754 771 807 reliquarum
799 769 889 795 sors
919 755 988 810 agi
1020 759 1170 810 coepta
1200 761 1326 810 atque
1357 757 1418 798 ita
1438 756 1550 799 Neo-

266 810 454 865 ptolemo
495 810 792 851 Andromache
833 810 1063 864 adiunctis,
1111 815 1337 866 postquam
1376 813 1419 853 id
1458 827 1551 854 eve-

265 869 400 920 nerat,
441 867 540 907 filiis
572 867 661 908 eius
698 867 743 907 in
773 867 982 908 honorem
1012 868 1123 908 tanti
1155 868 1283 918 ducis,
1319 867 1438 909 Ulixi
1468 868 1552 910 He-

267 923 375 964 cuba
405 923 628 964 obvenere.
688 922 894 963 hactenus
932 923 1142 964 nobilium
1179 924 1435 965 feminarum
1467 938 1553 966 ces·

217 989 249 1014 15
268 993 358 1020 sere
404 979 587 1020 servitia.
670 978 761 1031 alii,
807 981 855 1019 ut
899 993 1108 1033 quemque
1155 994 1245 1021 sors
1299 981 1552 1043 contigerat,

265 1033 465 1089 praedam
504 1038 578 1076 aut
616 1049 666 1075 ex
703 1035 900 1089 captivis,
940 1038 1147 1089 quantum
1177 1051 1254 1090 pro
1286 1037 1438 1078 merito
1471 1037 1553 1078 dis-

265 1091 551 1145 tribuebatur,
582 1091 780 1132 habuere.

379 1147 496 1188 XIV.
556 1147 733 1188 Interim
765 1162 891 1201 super
920 1147 1112 1189 Palladio
1153 1148 1305 1203 ingens
1337 1150 1551 1190 certamen

265 1203 378 1244 inter
408 1218 451 1244 se
482 1203 658 1244 ducibus
697 1206 891 1245 exortum
922 1204 1051 1245 Aiace
1082 1204 1324 1246 Telamonis
1355 1208 1552 1258 expostu-

215 1271 250 1296 ‘20
268 1259 385 1300 lante
416 1260 461 1300 in
491 1274 646 1300 munus
676 1260 756 1300 sibi
786 1275 864 1314 pro
895 1259 982 1313 his,
1021 1274 1128 1313 quae
1159 1261 1204 1300 in
1236 1261 1428 1315 singulos
1459 1262 1551 1302 uni-

266 1330 494 1370 versosque
538 1316 695 1356 virtute
745 1319 871 1369 atque
916 1316 1125 1356 industria
1174 1331 1250 1357 sua
1298 1316 1549 1359 contulerat.

266 1385 350 1425 qua
379 1386 424 1413 re
455 1372 591 1413 coacti
621 1386 756 1425 paene
789 1380 947 1423 omnes,
981 1371 1107 1412 simul
1137 1372 1199 1413 uti
1230 1387 1283 1414 ne
1314 1372 1552 1415 laederetur

266 1428 433 1469 animus
463 1427 573 1469 tanti
604 1428 705 1481 viri,
747 1428 865 1469 cuius
896 1428 1113 1482 praeclara
1142 1429 1334 1470 facinora
1364 1429 1551 1484 vigilias-

266 1498 346 1538 que
384 1499 462 1538 pro
503 1484 689 1525 exercitu
737 1484 782 1525 in
829 1485 971 1525 animo
1010 1485 1271 1538 retinebant,
1312 1485 1552 1527 concedunt

213 1552 245 1577 25
265 1540 388 1582 Aiaci
442 1540 727 1582 renitentibus
772 1540 872 1582 solis
925 1541 1116 1582 omnium
1160 1541 1366 1583 Diomede
1423 1544 1550 1596 atque

265 1595 392 1638 Ulixe
440 1611 515 1638 sua
562 1597 719 1651 quippe
758 1611 887 1651 opera
916 1597 1234 1639 insinuantibus
1264 1597 1307 1638 id
1345 1597 1548 1639 ablatum.

265 1656 414 1694 contra
443 1653 554 1694 Aiax
575 1653 796 1694 adfirmare
819 1668 908 1695 non
938 1653 1082 1695 labore
1113 1657 1187 1695 aut
1215 1654 1372 1695 virtute
1403 1668 1549 1695 eorum

263 1723 353 1750 rem
374 1712 550 1764 gestam,
571 1710 835 1751 Antenorem
854 1724 1038 1764 namque
1061 1710 1420 1763 contemplatione
1439 1724 1551 1751 com-

264 1766 406 1807 munis
444 1765 654 1806 amicitiae
694 1766 926 1807 abstulisse.
995 1769 1086 1806 tum
1124 1765 1352 1807 Diomedes
1395 1766 1550 1807 honori

212 1833 246 1858 30
266 1822 355 1864 61115
384 1836 461 1876 per
499 1821 796 1863 verecundiam
835 1821 1071 1864 concedens
1111 1837 1135 1863 a
1165 1823 1395 1863 certamine
1426 1822 1550 1864 desti-

264 1878 328 1920 tit.
389 1878 522 1933 igitur
550 1877 698 1920 Ulixes
729 1892 824 1920 cum
856 1878 986 1919 Aiace
1018 1893 1183 1919 summa
1220 1879 1261 1919 vi
1293 1879 1550 1920 contendere

264 1935 376 1976 inter
414 1949 457 1976 se
496 1937 622 1989 atque
662 1935 843 1976 invicem
882 1935 1114 1976 industriae
1152 1934 1314 1976 meritis
1352 1937 1550 1989 expostu-

263 1991 352 2032 lare
380 1991 671 2032 adnitentibus
703 1990 821 2033 Ulixi
842 1991 1037 2032 Menelao
1065 1994 1192 2044 atque
1224 1992 1548 2046 Agamemnone

265 2048 319 2089 ob
351 2050 560 2089 servatam
591 2048 717 2102 paulo
750 2050 848 2089 ante
880 2062 1008 2102 opera
1039 2048 1128 2089 eius
1158 2047 1380 2089 Helenam.
1431 2062 1548 2088 nam-

214 2114 247 2139 35
267 2118 348 2158 que
378 2107 476 2158 post
505 2107 675 2158 captum
705 2104 832 2145 Ilium
852 2105 962 2145 Aiax
993 2103 1237 2146 iUecoidatus
1258 2118 1417 2157 eorum,
1440 2118 1548 2157 quae

355 2218 450 2250 XIV.
479 2219 543 2250 XV
568 2218 895 2251 Malal.138—144
922 2218 1076 2251 Cedren.
1102 2218 1130 2250 P
1157 2220 1231 2251 1:32.

357 2322 398 2351 10
425 2320 630 2362 demophon
654 2331 686 2353 a.
706 2320 877 2353 achamas
897 2321 959 2352 GB
1020 2322 1064 2352 24
1089 2320 1333 2353 retinentibus
1353 2319 1380 2352 G
1405 2330 1485 2352 corr
1502 2319 1547 2351 B.
