1621 2550
234 132 259 173 6
643 130 814 164 DICTYS
840 129 1103 162 CRETENSIS

234 232 479 273 amitterent
508 233 672 285 partam
702 229 921 283 praedam,
961 228 1134 269 summis
1172 228 1322 282 opibus
1353 227 1514 270 adnite-

234 290 399 329 rentur:
431 287 615 328 incensis
646 284 796 326 deinde
818 284 979 325 duabus
1006 284 1185 325 navibus
1215 283 1390 326 Troiani
1418 284 1513 326 reli-

235 358 338 397 quas
369 345 537 384 strenue
576 341 768 382 defensas
806 340 1001 381 liberant.
1062 342 1187 394 atque
1228 340 1287 382 ita
1323 340 1513 396 fatigatis

235 399 318 440 iam
349 398 510 451 proelio
541 397 734 439 hostibus
765 395 962 438 evadunt.

201 472 216 495 5
347 454 420 495 VI.
471 454 650 495 Interim
672 452 783 507 apud
804 452 976 494 Troiam
997 452 1235 506 legatorum
1253 451 1512 505 Palamedes,

234 510 353 551 cuius
383 510 565 551 maxime
596 524 644 550 ea
664 510 914 562 tempestate
937 507 1051 548 domi
1074 507 1257 562 bellique
1289 507 1514 549 consilium

233 566 385 618 valuit,
426 565 478 606 ad
515 565 732 606 Priamum
771 563 858 605 adit
887 563 1182 618 conductoque
1221 563 1400 605 concilio
1431 563 1516 618 pri-

232 636 349 663 mum
399 621 448 662 de
487 620 720 662 Alexandri
766 619 923 661 iniuria
959 619 1252 673 conqueritur,
1299 633 1516 673 exponens

233 677 457 718 conmunis
486 677 664 730 hospitii
696 676 978 729 eversionem,
1010 675 1107 717 dein
1137 678 1303 729 monet,
1336 677 1516 729 quantas

183 749 215 773 10
234 747 283 774 ea
312 747 378 774 res
408 733 520 774 inter
550 733 633 774 duo
664 746 796 787 regna
833 731 1068 773 simultates
1101 732 1364 773 concitatura
1395 733 1515 783 esset,

232 789 504 830 interiaciens
544 789 791 830 memoriam
831 787 1135 829 discordiarum
1173 787 1227 828 Ili
1265 790 1307 828 et
1344 786 1516 841 Pelopis

232 845 510 899 aliorumque,
542 845 614 898 qui
637 859 686 886 ex
708 844 843 885 causis
875 843 1082 884 similibus
1104 843 1156 884 ad
1180 843 1516 885 internecionem

232 915 364 954 usque
409 900 602 955 gentium
645 901 957 953 pervenissent:
1012 898 1064 940 ad
1108 902 1370 953 postremum
1414 898 1539 940 belli.

233 955 505 997 difficultates
528 958 759 1009 contraque
790 956 906 1009 pacis
928 954 1147 996 commoda
1179 955 1398 997 adstruens
1428 968 1518 996 non

184 1026 216 1051 15
235 1026 278 1053 se
300 1012 512 1067 ignorare,
534 1012 606 1065 ait,
630 1011 800 1065 quantis
821 1011 1068 1052 mortalibus
1096 1013 1183 1052 tam
1207 1014 1330 1052 atrox
1349 1010 1516 1051 facinus

235 1067 577 1123 indignationem
602 1068 830 1109 incuteret:
863 1081 913 1108 ex
935 1081 1018 1121 quo
1040 1070 1231 1108 auctores
1262 1066 1442 1108 iniuriae
1463 1067 1516 1107 ab

236 1124 435 1165 omnibus
457 1123 679 1165 derelictos
710 1124 941 1178 impietatis
964 1123 1170 1177 supplicia
1201 1123 1427 1164 subituros.
1475 1124 1518 1163 et

233 1194 328 1221 cum
374 1180 497 1234 plura
542 1180 677 1221 dicere
723 1182 913 1234 cuperet,
959 1179 1153 1220 Priamus
1198 1178 1383 1220 medium
1428 1178 1517 1220 eius

236 1236 553 1290 interrumpens
569 1250 826 1277 sermonem:
843 1236 1010 1290 parcius
1028 1249 1182 1290 quaeso
1200 1235 1437 1287 Palamede,
1456 1234 1518 1275 in-

182 1307 216 1332 20
236 1292 347 1346 quit:
365 1292 557 1346 iniquum
575 1293 731 1334 etenim
751 1292 917 1333 videtur
937 1292 1174 1333 insimulari
1191 1305 1287 1332 eum
1305 1291 1378 1345 qui
1396 1290 1518 1344 absit,

231 1348 415 1389 maxime
445 1362 540 1389 cum
569 1348 660 1389 fieri
690 1348 837 1402 possit,
869 1348 944 1400 uti,
974 1361 1080 1401 quae
1104 1347 1332 1388 criminose
1353 1346 1518 1388 obiecta

231 1406 344 1457 sunt,
365 1404 580 1458 praesenti
611 1404 869 1445 refutatione
891 1403 1119 1444 diluantur.
1164 1403 1266 1444 haec
1288 1405 1414 1457 atque
1436 1401 1519 1444 alia

229 1459 473 1501 huiusmodi
511 1460 701 1502 inserens
752 1459 910 1500 differri
956 1459 1147 1513 querelas
1193 1458 1245 1500 ad
1290 1459 1518 1500 adventum

230 1515 463 1556 Alexandri
500 1516 630 1557 iubet.
700 1515 870 1557 videbat
911 1516 1045 1569 enim,
1081 1518 1127 1557 ut
1158 1514 1337 1570 singuli,
1370 1515 1443 1568 qui
1473 1514 1519 1555 in

179 1585 212 1611 25
231 1585 280 1613 eo
312 1571 489 1613 consilio
521 1571 708 1626 aderant,
740 1571 978 1613 Palamedis
1010 1572 1202 1613 oratione
1232 1572 1518 1623 moverentur,

230 1629 278 1669 ut
306 1628 448 1681 taciti,
481 1627 603 1669 vultu
633 1631 776 1669 tamen
807 1628 1034 1669 admissum
1070 1627 1236 1669 facinus
1268 1625 1519 1669 condemna·

231 1685 346 1736 rent,
379 1697 474 1724 cum
505 1683 675 1738 singula
704 1684 811 1724 miro
843 1697 997 1738 genere
1029 1683 1236 1724 orationis
1258 1695 1520 1736 exponeren—

228 1741 300 1780 tur
330 1741 456 1793 atque
486 1739 532 1780 in
563 1753 756 1780 sermone
787 1739 938 1780 Graeci
978 1739 1089 1793 regis
1127 1739 1284 1780 inesset
1313 1737 1519 1792 quaedam

229 1795 440 1849 permixta
461 1795 724 1837 miserationi
754 1799 829 1836 vis.
883 1797 1008 1848 atque
1041 1795 1099 1836 ita
1130 1809 1179 1836 eo
1202 1794 1268 1835 die
1292 1793 1519 1835 eonsilium

178 1864 212 1890 30
230 1850 469 1892 dimittitur.
538 1851 610 1892 sed
648 1851 811 1907 legatos
850 1851 1065 1904 Antenor,
1112 1850 1177 1891 vir
1213 1849 1436 1904 hospitalis
1477 1851 1519 1891 et

229 1910 397 1961 praeter
438 1909 625 1949 caeteros
665 1907 768 1949 boni
806 1907 1061 1961 honestique
1103 1909 1306 1959 sectator,
1346 1905 1516 1947 domum

230 1963 283 2004 ad
313 1978 357 2005 se
388 1963 581 2005 volentes
612 1963 793 2005 deducit.

341 2019 437 2061 VII.
488 2019 665 2061 Interim
686 2019 830 2074 paucis
857 2021 954 2074 post
985 2018 1129 2059 diebus
1151 2018 1259 2059 Alex
1269 2016 1400 2059 ander
1423 2030 1519 2059 cum

230 2089 358 2129 supra
399 2075 521 2116 dictis
562 2076 788 2117 comitibus
828 2075 965 2128 venit,
1012 2074 1221 2116 Helenam
1268 2087 1410 2116 secum
1447 2073 1521 2114 ha·

320 2166 370 2197 VI
396 2146 520 2198 ΜᾟΞι.
549 2168 622 2199 122.

323 2257 362 2288 19
389 2256 531 2298 partius
559 2256 622 2288 GB
705 2258 744 2287 ‘21
773 2256 937 2288 obiectas
964 2255 996 2287 B
1078 2256 1120 2287 ‘22
1147 2254 1336 2297 praesenti
1361 2265 1422 2286 om.
1444 2252 1516 2286 GB.

230 2302 310 2335 add.
338 2302 370 2332 P
414 2302 614 2333 Perizonius
639 2302 751 2334 maluit
778 2300 985 2343 praesentis
1055 2301 1098 2333 29
1125 2304 1313 2343 permyxta
1340 2298 1368 2332 θ
1414 2298 1520 2330 mise·

230 2345 386 2378 rationis
411 2346 505 2386 libri,
533 2345 716 2378 Obrecletus
741 2345 982 2378 miserationi.
