1621 2550
215 94 271 134 74
627 94 803 128 merrs
829 94 1092 128 CRETENSIS

214 208 292 248 pro
322 193 498 248 negotio
521 193 808 248 egrediuntur.
858 208 996 248 neque
1017 195 1189 250 segnius
1219 210 1244 236 a
1265 195 1495 240 Memnone

215 252 377 302 actum,
415 263 511 290 cum
557 263 641 303 quo
681 249 857 290 Troiani
896 264 1054 291 omnes.
1123 251 1183 291 ita
1228 251 1330 293 hinc
1369 256 1496 307 atque

214 304 313 346 inde
360 305 556 346 ordinato
604 305 790 346 exercitu
834 306 1044 359 proelium
1089 306 1255 348 initum.
1322 308 1496 362 plurimi

215 361 437 414 utriusque
474 360 607 414 partis
644 363 692 402 ut
731 361 776 401 in
821 361 898 402 tali
937 362 1166 403 certamine
1205 362 1381 417 cadunt,
1424 369 1497 406 aut

181 417 290 457 5icti
321 416 508 470 graviter
537 416 700 470 proelio
733 416 952 458 decedunt.
1020 418 1066 458 in
1104 432 1188 471 quo
1226 419 1338 460 bello
1374 421 1498 461 Anti-

214 472 363 512 lochus
392 471 587 513 Nestoris
627 473 776 513 obvius
814 472 926 513 forte
967 472 1188 514 Memnoni
1229 474 1495 517 interficitur.

213 542 397 581 moxque
427 528 559 580 Aiax,
598 528 671 568 ubi
707 531 875 581 tempus
915 528 1051 569 visum
1083 531 1167 582 est,
1199 529 1311 570 inter
1341 535 1498 572 utram-

215 597 296 637 que
327 584 460 624 aciem
480 596 728 637 progressus
758 583 927 624 lacessit
957 597 1113 638 regem,
1141 584 1357 638 praedicto
1379 587 1497 641 prius

214 638 333 680 Ulixi
371 642 413 680 et
448 639 698 691 Idomeneo,
745 639 796 680 ab
835 639 985 680 ceteris
1023 640 1086 680 uti
1124 654 1168 680 se
1207 641 1495 684 defenderent.

163 707 196 732 10
214 695 346 749 igitur
375 694 580 735 Memnon
610 695 684 735 ubi
723 696 775 736 ad
812 709 855 736 se
885 694 1004 736 tendi
1034 695 1168 749 videt,
1201 710 1328 738 curru
1359 698 1500 740 desilit

214 750 491 805 confligitque
522 750 648 804 pedes
680 765 775 791 cum
801 751 932 792 Aiace
963 765 1120 806 magno
1152 752 1375 807 utriusque
1405 769 1498 808 par-

213 806 269 847 tis
299 809 415 846 metu
446 809 571 860 atque
603 808 938 860 exspectatione:
971 821 1066 848 cum
1098 808 1181 848 dux
1210 812 1357 850 noster
1387 824 1498 851 sum-

213 876 283 902 ma
313 862 356 902 vi
386 863 615 903 umbonem
646 863 754 903 scuti
776 863 865 903 eius
894 863 981 904 telo
1012 863 1057 903 in
1087 863 1353 917 aliquantum
1384 865 1496 906 fora-

213 921 302 958 tum
350 918 491 971 gravis
531 921 657 971 atque
688 919 863 958 summis
900 918 1061 959 viribus
1097 918 1300 974 ingruens
1339 921 1498 975 inpulit

163 985 196 1010 15
214 973 426 1026 vertitque
465 973 510 1013 in
548 973 672 1014 latus.
740 988 823 1027 quo
862 974 953 1015 viso
992 975 1103 1029 regis
1142 976 1318 1017 comites
1348 978 1497 1018 adcur-

213 1043 325 1081 rere,
357 1029 534 1070 Aiacem
565 1029 788 1070 exturbare
818 1030 1017 1071 nitentes.
1067 1034 1159 1071 tum
1190 1031 1392 1085 Achilles,
1425 1033 1499 1074 ubi

213 1085 404 1125 barbaris
441 1085 647 1126 intercedi
688 1085 822 1139 videt,
861 1086 1003 1140 pergit
1038 1089 1187 1127 contra
1218 1090 1261 1128 et
1289 1088 1496 1130 nudatum

214 1143 333 1181 scuto
365 1140 500 1182 hostis
530 1141 726 1196 iugulum
755 1141 878 1183 hasta
907 1143 1132 1197 transfigit.

328 1195 424 1237 VH.
490 1197 556 1237 Ita
607 1200 776 1251 praeter
826 1212 943 1251 spem
993 1198 1218 1240 interfecto
1265 1198 1494 1241 Memnone

161 1264 195 1289 20
213 1252 345 1293 animi
375 1253 564 1294 hostium
595 1255 911 1294 commutantur
949 1256 991 1294 et
1023 1253 1195 1295 Graecis
1232 1258 1356 1296 aucta
1394 1256 1499 1297 fidu-

214 1309 297 1349 cia:
336 1308 506 1362 iamque
538 1309 801 1363 Aethiopum
831 1323 952 1350 versa
993 1310 1081 1350 acie
1120 1311 1257 1351 nostri
1289 1311 1498 1353 instantes

213 1363 396 1405 caedunt
425 1364 645 1417 plurimos.
712 1368 805 1406 tum
839 1364 1092 1419 Polydamas
1131 1380 1338 1408 renovare
1375 1382 1499 1421 proe-

213 1419 319 1460 lium
340 1421 515 1473 cupiens
537 1420 850 1462 circumventus
878 1421 930 1462 ad
950 1424 1213 1475 postremum
1235 1425 1362 1477 atque
1390 1423 1498 1465 ictus

212 1475 393 1530 inguina
439 1476 491 1517 ab
531 1477 661 1517 Aiace
705 1477 979 1530 interficitur,
1027 1477 1211 1519 Glaucus
1249 1479 1497 1533 Antenoris,

162 1543 195 1568 25
213 1531 436 1572 adversum
486 1531 724 1573 Diomeden
776 1532 967 1587 adstans,
1025 1534 1362 1588 Agamemnonis
1411 1536 1496 1577 telo

213 1587 339 1628 cadit.
389 1590 481 1628 tum
511 1602 612 1630 vero
635 1602 827 1630 cerneres
858 1589 959 1630 hinc
980 1590 1217 1644 Aethiopas
1240 1604 1336 1631 cum
1352 1591 1498 1633 Troia-

212 1643 279 1684 nis
308 1658 386 1697 per
416 1658 586 1685 omnem
617 1658 814 1699 campum
852 1645 943 1686 sine
979 1645 1126 1687 ordine
1157 1650 1284 1700 atque
1316 1647 1494 1701 imperio

211 1698 426 1753 fugientes
455 1700 728 1741 multitudine
760 1714 807 1741 ac
837 1700 1112 1743 festinatione
1143 1702 1255 1743 inter
1285 1716 1328 1743 se
1358 1703 1498 1757 impli-

214 1755 301 1796 cari
331 1755 478 1796 cadere
503 1769 550 1796 ac
578 1770 678 1797 mox
705 1756 948 1810 palantibus
971 1757 1089 1811 equis
1107 1758 1366 1811 proculcari,
1398 1759 1498 1801 hinc

160 1822 194 1847 30
213 1810 396 1852 Graecos
434 1812 661 1866 resumptis
700 1812 853 1853 animis
884 1813 1003 1866 sequi
1042 1813 1213 1854 caedere
1253 1814 1498 1868 impeditos-

213 1881 295 1920 que
327 1867 556 1908 dissolvere
587 1871 713 1922 atque
751 1868 812 1909 ita
842 1868 1070 1910 confodere
1109 1870 1286 1911 laxatos
1346 1871 1497 1912 redun-

213 1923 315 1963 dant
352 1924 462 1964 circa
498 1938 642 1966 muros
680 1924 818 1978 campi
857 1925 1084 1979 sanguine,
1127 1929 1168 1966 et
1207 1926 1371 1980 omnia,
1413 1941 1497 1981 qua

211 1978 347 2020 hostis
397 1980 651 2033 intraverat,
702 1980 829 2021 armis
883 1984 1009 2034 atque
1059 1981 1334 2023 cadaveribus
1385 1997 1497 2025 com-

211 2034 328 2088 pleta
357 2038 469 2077 sunt.
520 2036 565 2077 in
597 2051 645 2077 ea
680 2050 825 2092 pugna
859 2036 1018 2078 Priami
1044 2037 1231 2079 filiorum
1266 2039 1419 2081 Arelus
1456 2041 1497 2081 et

161 2101 194 2127 35
211 2090 478 2133 Echemmon
523 2092 575 2133 ab
628 2091 754 2134 Ulixe
808 2092 1041 2146 interfecti,
1088 2093 1258 2148 Dryops
1313 2094 1412 2136 Bias
1456 2099 1498 2137 et

303 2217 345 2247 22
371 2215 558 2260 plurimos]
584 2218 720 2259 primus
749 2218 810 2250 ΕΒ
885 2220 927 2250 34
953 2218 1073 2250 areius
1102 2218 1180 2249 libri
1220 2218 1354 2251 Aretus
1379 2218 1497 2253 Dede-

211 2261 323 2292 m‘clms
372 2261 613 2295 Echememon
641 2263 668 2295 G
714 2263 953 2295 Archemmon
980 2263 1011 2294 B
1052 2263 1273 2295 Echemmon
1294 2265 1498 2297 Pelavianus

211 2308 255 2337 35
280 2306 520 2347 Dryaspisbia
548 2308 575 2339 G
623 2308 783 2350 Dryaspi
809 2309 888 2350 spia
920 2314 957 2340 et
989 2308 1021 2339 B
1047 2309 1234 2339 iamdudum
1265 2320 1354 2341 corr.
