1621 2550
267 92 320 133 66
675 92 850 126 DICTYS
876 92 1142 127 CRETENSIS

267 192 520 233 desiderium
559 206 700 232 rerum
746 192 1000 245 alienarum,
1046 207 1184 247 neque
1232 194 1285 234 ob
1323 194 1545 235 mulierem

266 248 403 289 solum
441 262 590 301 unam,
635 247 708 288 sed
744 248 866 288 Atrei
911 250 1037 301 atque
1074 248 1246 303 Pelopis
1285 248 1443 290 divitiis
1481 250 1547 290 in-
1608 279 1609 284 ,

265 303 433 345 hiantes
471 306 640 366 raptum
677 317 743 344 res
780 317 897 344 more
927 303 1145 346 incondito
1183 305 1437 358 perrexisse:
1467 320 1546 359 pro
1604 336 1621 358 -ι

267 360 360 413 quis
397 359 700 413 aequissimum
738 373 826 400 esse
874 359 1080 401 eiusmodi
1117 375 1276 414 poenas
1313 361 1381 402 vel
1419 361 1546 402 etiam

231 427 247 452 5
266 415 483 469 graviores
514 414 710 478 pendere.
770 429 954 468 namque
985 415 1038 456 ad
1074 416 1118 456 id
1153 419 1321 470 tempus
1360 416 1546 458 Graecos

265 473 427 512 secutos
462 485 624 512 morem
653 471 699 511 in
735 470 858 511 bellis
890 470 1118 525 optimum,
1154 486 1442 526 quoscumque
1472 472 1547 513 ho-

265 526 394 567 stium
424 540 571 581 pugna
592 527 831 579 conficeret,
862 526 1104 579 sepulturae
1125 527 1345 568 restituere
1376 528 1545 569 solitos:

265 585 414 623 contra
441 582 671 623 Hectorem
702 594 1021 636 supergressum
1052 582 1330 624 humanitatis
1359 583 1546 637 modum,

263 637 509 678 Patroclum
548 638 709 691 eripere
747 637 909 691 proelio
942 652 1110 691 ausum,
1149 638 1310 680 scilicet
1347 639 1400 679 ad
1436 639 1546 680 inlu-

213 708 245 732 10
265 693 447 734 dendum
469 707 516 734 ac
547 693 804 735 foedandum
825 693 1002 735 cadaver
1031 694 1140 735 eius:
1173 694 1286 748 quod
1307 695 1548 748 exemplum

262 749 413 802 poenis
444 763 492 790 ac
522 749 740 803 suppliciis
772 763 919 790 eorum
949 749 1197 803 eluendum,
1236 753 1283 791 ut
1314 750 1466 792 Graeci
1496 764 1545 791 ac

262 805 450 859 reliquae
480 805 658 858 posthac
689 808 838 860 gentes
869 819 1076 847 memores
1107 806 1285 847 ultionis
1322 806 1411 847 eius
1458 820 1546 846 mo-

262 875 435 914 remque
465 861 677 902 humanae
716 860 973 902 conditionis
1010 864 1244 902 tuerentur.
1310 876 1401 903 non
1431 861 1546 902 enim

262 915 452 957 Helenae
496 931 635 970 neque
681 916 867 957 Menelai
922 917 1060 971 gratia
1113 917 1344 958 exercitum
1388 917 1546 958 relictis

211 985 244 1011 15
263 971 431 1013 sedibus
461 972 735 1026 parvulisque
765 971 914 1025 procul
944 973 996 1013 ab
1028 972 1175 1026 domo,
1215 975 1439 1014 cruentum
1469 987 1545 1014 suo

261 1028 493 1082 hostilique
521 1029 729 1083 sanguine
760 1028 872 1069 inter
895 1028 988 1081 ipsa
1008 1029 1108 1070 belli
1130 1029 1374 1070 discrimina
1402 1028 1546 1070 huius-

261 1084 377 1124 modi
408 1084 604 1125 militiam
642 1084 843 1137 tolerare,
882 1084 955 1125 sed
985 1099 1138 1138 cupere
1174 1085 1413 1138 dinoscere,
1453 1085 1545 1126 bar-

261 1139 408 1180 barine
448 1139 656 1182 Graecine
701 1155 865 1181 summa
908 1154 1049 1181 rerum
1092 1141 1354 1194 potirentur:
1401 1155 1545 1195 quam-

263 1209 389 1249 quam
428 1196 584 1237 iustam
628 1211 798 1237 causam
843 1195 974 1237 fuisse
1020 1196 1232 1237 inferendi
1277 1197 1378 1237 belli
1418 1196 1547 1238 etiam

209 1265 243 1290 20
260 1265 338 1305 pro
369 1252 560 1293 muliere.
621 1266 804 1305 namque
845 1252 908 1293 uti
945 1253 1027 1306 ipsi
1065 1256 1189 1306 raptu
1220 1266 1360 1293 rerum
1391 1253 1546 1293 aliena-

261 1322 356 1348 rum
394 1308 677 1360 laetarentur,
724 1308 784 1349 ita
820 1308 1002 1348 maxime
1041 1308 1178 1349 dolori
1216 1322 1306 1348 esse
1345 1307 1432 1361 his,
1471 1308 1545 1362 qui

261 1363 492 1404 amiserint.
560 1364 613 1404 ad
649 1363 754 1404 haec
799 1363 934 1404 multa
978 1363 1166 1405 infausta
1211 1363 1542 1418 detestandaque

260 1419 471 1472 inprecari
511 1420 848 1472 confirmareque
895 1434 938 1460 se
978 1422 1103 1473 capto
1142 1419 1223 1461 Ilio
1262 1423 1359 1461 01110
1399 1433 1545 1462 01111105

259 1475 371 1516 101111
417 1475 590 1516 admissi
636 1489 796 1530 poenas
841 1475 1048 1530 sanguine
1095 1476 1184 1516 eius
1229 1478 1443 1529 expetere,
1491 1476 1545 1517 ob

208 1545 241 1570 25
261 1545 389 1584 quam
418 1532 557 1585 patria
588 1531 922 1585 parentibusque
954 1545 1100 1572 carens
1131 1531 1378 1573 Patroclum
1417 1532 1545 1573 etiam

260 1586 502 1628 solitudinis
533 1602 632 1629 suae
663 1588 858 1628 levamen
889 1588 1122 1628 maximum
1161 1588 1361 1629 amiserit.

372 1642 529 1685 XXIV.
580 1643 694 1685 Dein
725 1643 995 1685 consiliatum
1027 1658 1123 1685 cum
1146 1643 1399 1697 supradictis
1430 1643 1543 1684 duci-

259 1699 337 1739 bus
374 1699 530 1753 surgit:
579 1700 673 1753 quis
713 1699 910 1740 omnibus
958 1714 1044 1740 una
1089 1702 1216 1753 atque
1259 1699 1405 1740 eadem
1452 1714 1544 1740 sen-

259 1755 395 1796 tentia
432 1758 495 1796 051
505 1788 515 1809 ,
561 1755 723 1796 scilicet
765 1755 827 1795 uti
867 1755 1051 1808 acceptis
1091 1770 1200 1809 quae
1239 1755 1366 1796 allata
1405 1758 1546 1796 essent

208 1824 240 1849 30
261 1825 414 1864 corpus
446 1811 638 1852 exanime
669 1810 928 1852 concederet.
990 1811 1103 1864 quod
1134 1811 1207 1852 ubi
1239 1811 1340 1851 satis
1370 1811 1543 1864 placuit,

260 1867 419 1921 singuli
450 1867 502 1908 ad
523 1882 599 1908 sua
628 1867 814 1908 tentoria
835 1866 1067 1908 discedunt.
1118 1882 1301 1920 moxque
1325 1866 1546 1921 Polyxena

258 1923 451 1977 ingresso
490 1923 658 1965 Achille
699 1923 903 1964 obvoluta
940 1923 1120 1978 genibus
1160 1924 1249 1964 eius
1280 1926 1431 1976 sponte
1462 1937 1545 1964 ser-

260 1979 412 2020 vitium
443 1980 508 2021 sui
538 1994 616 2034 pro
648 1979 916 2020 absolutione
938 1979 1152 2020 cadaveiis
1172 1979 1410 2042 pollicetur.
1456 1994 1543 2042 quo

260 2036 502 2088 spectaculo
535 2036 638 2077 adeo
670 2037 906 2076 commotus
937 2035 1123 2088 iuvenis,
1157 2039 1203 2076 ut
1234 2035 1306 2089 qui
1345 2035 1544 2076 inimicis-

208 2103 241 2128 35
260 2106 392 2133 Simus
432 2092 486 2133 ob
531 2098 712 2133 mortem
749 2091 935 2132 Patrocli
980 2069 1150 2132 Prianio
1198 2092 1371 2145 eiusque
1409 2105 1545 2146 regno

348 2218 367 2248 2
404 2217 507 2248 Atrei
544 2221 652 2258 atque
693 2218 722 2248 I’
779 2220 970 2257 catratque
1013 2217 1040 2249 G
1081 2228 1141 2249 om.
1181 2217 1210 2247 B
1324 2217 1342 2246 6
1384 2216 1448 2248 1105
1482 2216 1545 2248 GB

257 2260 413 2293 hostium
443 2263 471 2293 Ρ
517 2262 680 2294 homines
704 2263 833 2301 Peiyier
927 2263 966 2293 17
993 2262 1125 2293 militia
1152 2262 1179 2294 G
1227 2262 1359 2293 milicie
1385 2261 1415 2292 B
1437 2261 1442 2303 l
1464 2262 1544 2294 bar-

259 2306 408 2338 barinae
434 2308 607 2348 grecinae
636 2308 663 2337 G
755 2307 797 2339 26
824 2306 1067 2339 5011011111111115
1094 2308 1131 2339 Ρ.
