1621 2550
467 116 617 151 Banu
638 115 838 150 ‘monim
861 115 955 149 Lm.
980 118 1023 149 v,
1325 116 1378 158 97

98 231 184 273 que
226 229 382 272 magno
413 214 743 269 inspectantium
782 214 944 269 gemitu
981 218 1236 257 necarentur
1265 230 1380 257 mox-

132 287 185 316 ue
205 272 300 328 ipsi,
321 271 395 326 qui
414 270 656 325 spectaculo
677 270 991 312 carissimorum
1007 284 1234 325 corporum
1254 272 1381 313 inter-

99 288 291 382 iiuerant,
329 325 616 369 miserandum
655 326 700 368 in
738 325 911 368 modum
950 326 1186 368 interirent.
1245 341 1381 382 neque

102 384 275 449 segnius
313 397 390 438 per
425 385 560 424 totam
598 383 745 424 urbem
784 381 991 424 incendiis
1030 385 1195 438 gestum
1233 383 1383 437 positis

99 455 220 496 prius
257 439 551 481 defensoribus
588 437 641 480 ad
678 437 850 480 domum
881 439 1050 479 Aeneae
1089 441 1215 492 atque
1252 440 1383 480 Ante·
1402 452 1417 477 5

105 497 236 539 noris.
295 495 467 537 interim
503 494 697 536 Priamus
735 509 779 536 re
817 495 990 550 cognita
1026 493 1078 535 ad
1116 508 1231 535 aram
1270 494 1384 536 Iovis

102 551 450 595 anteaedificialis
488 551 703 606 confugit,
749 550 957 605 multique
1004 564 1054 591 ex
1098 564 1148 592 eo
1193 550 1286 592 loco
1332 551 1385 591 ad

102 609 267 664 reliqua.
297 607 473 650 deorum
502 607 683 661 templa:
714 607 759 648 in
790 607 885 661 quis
907 605 1145 649 Cassandra
1174 606 1219 647 in
1240 605 1386 648 aedem

103 664 335 706 Minervae.
395 663 467 705 sed
503 666 729 718 postquam
768 663 1009 716 universos,
1049 663 1122 716 qui
1161 662 1206 703 in
1235 676 1386 704 manus

104 723 331 773 venerant,
377 718 500 760 foede
545 721 672 772 atque
717 718 877 760 inultos
915 719 1241 771 obtruncavere,
1281 718 1387 760 occi·
1406 733 1437 758 10

35 815 38 818 .
101 777 248 832 piente
278 775 371 817 luce
402 774 588 828 domum,
619 775 664 815 in
695 789 779 829 qua
808 773 972 815 Helena
1001 777 1102 827 erat,
1134 774 1388 829 aggrediun-

101 836 186 874 tur.
238 831 299 873 ibi
319 830 540 872 Menelaus
560 829 848 894 Deiphobum,
879 845 1005 885 quem
1036 833 1134 884 post
1155 829 1388 872 Alexandri

105 888 327 930 interitum
365 886 554 928 Helenae
591 887 911 928 matrimomum
950 886 1222 940 intercepisse
1261 900 1389 940 supra

104 944 346 997 docuimus,
385 943 562 985 exsectis
597 943 736 997 primo
767 943 939 984 auribus
977 942 1246 997 brachiisque
1276 942 1388 983 abla-

104 1001 162 1042 tis
200 999 350 1041 deinde
387 999 561 1041 naribus
607 998 659 1040 ad
696 1002 958 1053 postremum
995 1001 1239 1040 truncatum
1271 998 1388 1040 omni
1408 1017 1439 1041 15

103 1071 157 1098 ex
186 1059 306 1111 parte
343 1055 644 1110 foedatumque
683 1070 848 1097 summo
881 1055 1068 1096 cruciatu
1098 1057 1232 1096 necat.
1290 1054 1389 1095 dein

109 1112 328 1154 Priamum
347 1110 657 1165 Neoptolemus
687 1111 778 1152 sine
809 1110 897 1152 ullo
928 1110 1077 1152 aetatis
1099 1114 1226 1164 atque
1255 1109 1389 1152 hono-

107 1167 168 1210 ris
203 1167 358 1209 dilectu
394 1167 650 1208 retinentem
681 1170 860 1221 utraque
896 1181 1024 1208 manu
1064 1181 1180 1207 aram
1209 1166 1388 1221 iugulat.

16 1213 34 1272 ‚⁵
103 1226 293 1266 ceterum
332 1221 612 1266 Cassandram
650 1222 760 1265 Oilei
797 1223 903 1265 Aiax
948 1237 970 1264 e
1015 1237 1133 1264 sacro
1172 1221 1390 1264 Minervae

16 1276 38 1300 ⁶·
106 1280 320 1334 captivam
349 1279 570 1321 abstrahit.
1408 1296 1441 1321 20

222 1335 340 1378 XIII.
389 1335 484 1377 Hoc
513 1334 640 1377 modo
671 1335 934 1389 consumptis
972 1349 1068 1376 cum
1098 1335 1269 1376 civitate
1298 1335 1391 1376 bar-

104 1392 240 1444 baris,
282 1391 531 1433 deliberatio
571 1391 678 1433 inita
716 1405 842 1445 super
878 1391 966 1444 his,
1015 1391 1087 1445 qui
1126 1391 1179 1432 ab
1216 1390 1391 1432 deorum

108 1448 193 1490 aris
231 1447 438 1490 auxilium
477 1447 589 1489 vitae
626 1447 959 1501 imploraverant
1002 1446 1301 1501 decretumque
1338 1446 1391 1487 ab

108 1504 319 1558 omnibus,
350 1505 413 1545 uti
443 1518 518 1558 per
547 1504 633 1545 vim
665 1503 800 1544 avulsi
831 1507 1103 1544 necarentur:
1142 1506 1287 1544 tantus
1318 1502 1391 1544 do-

108 1561 175 1602 lor
212 1560 392 1602 iniuriae
440 1563 482 1601 et
521 1560 575 1601 ob
612 1559 654 1600 id
685 1559 871 1601 studium
910 1558 1186 1614 extinguendi
1218 1558 1392 1600 'Roiani
1411 1575 1444 1601 25

107 1616 296 1658 nominis
325 1616 567 1658 incesserat.
632 1615 692 1657 ita
730 1615 1026 1670 comprehensi
1057 1615 1129 1669 qui
1160 1615 1393 1656 cruciatum

108 1671 349 1727 praedictae
379 1672 518 1714 noctis
545 1672 889 1727 subterfugerant
927 1671 1190 1725 trepidantes
1227 1684 1275 1712 ac
1303 1671 1393 1712 vice

107 1742 311 1783 pecorum
341 1728 669 1770 interficiuntur.
720 1728 818 1769 dein
849 1741 966 1769 more
997 1727 1099 1768 belli
1129 1741 1204 1781 per
1234 1726 1395 1781 templa

109 1798 157 1826 ac
188 1785 410 1826 semiustas
437 1783 586 1826 domos
614 1784 835 1838 populatio
866 1797 1008 1825 rerum
1029 1784 1219 1825 omnium
1250 1786 1292 1824 et
1320 1796 1396 1837 per

109 1840 198 1882 dies
235 1841 464 1896 plurimos,
502 1855 556 1882 ne
595 1840 688 1894 quis
726 1839 915 1882 hostium
955 1839 1169 1893 evaderet,
1209 1839 1448 1880 smdiumso

108 1897 155 1938 in
184 1897 451 1951 requirendo.
502 1897 674 1938 interim
703 1895 756 1938 ad
782 1895 1119 1939 coacervandum
1148 1897 1239 1936 auri
1269 1898 1395 1949 atque

44 1953 50 1958 '
110 1953 278 2008 argenti
306 1953 527 1994 materiam
555 1956 798 2007 opportuna
825 1953 920 1995 loca
945 1952 1212 1994 destinantur
1242 1954 1283 1993 et
1313 1951 1397 1993 alia

202 2069 223 2100 5
247 2067 370 2103 Tzetz,
396 2066 587 2101 Antehom.
616 2068 679 2100 162
707 2068 781 2100 163.

205 2158 219 2187 1
239 2167 372 2198 magno
398 2156 616 2199 spectaculo
637 2156 699 2189 GB
716 2158 855 2199 reliquis
872 2157 1014 2197 omissis,
1038 2157 1189 2196 sortasse
1206 2158 1397 2198 postquam

112 2201 329 2244 spectaculo
353 2206 515 2244 scriptum
537 2202 667 2242 fuerat,
694 2204 857 2244 vulgatam
881 2203 1053 2235 lectionem
1078 2200 1219 2243 praebet
1246 2201 1277 2232 P
1378 2202 1396 2232 7

115 2245 428 2279 anteaedificiales
460 2247 488 2279 G
525 2250 609 2279 aute
643 2245 850 2279 aedificiale
878 2246 909 2278 B
940 2257 1031 2279 corr.
1062 2247 1091 2278 P
1196 2247 1217 2279 8
1249 2246 1285 2277 in
1317 2245 1397 2287 quis

113 2301 176 2323 om.
201 2290 234 2322 B
269 2291 308 2323 in
332 2302 393 2324 om.
421 2291 450 2324 G
543 2293 585 2325 18
610 2302 707 2324 aram
733 2302 904 2334 super-ser.
932 2293 966 2323 in
986 2292 1013 2324 G
1049 2291 1094 2323 ad
1121 2301 1222 2323 aram
1240 2290 1272 2322 Β
1357 2291 1399 2323 31.

115 2335 326 2377 inquirendi
350 2336 392 2369 P.

180 2395 302 2424 Dxcrn.
1178 2404 1198 2434 7
