1621 2550
481 112 628 146 BELLI
651 111 852 145 TROIANI
876 113 969 145 Lm.
993 113 1054 147 vl.
1334 114 1409 154 111

246 211 363 254 ΧΙΠ.
423 211 600 253 Interim
632 209 801 252 Orestes
839 210 1068 252 adveniens
1098 226 1187 252 rem
1217 216 1411 254 cunctam

134 268 368 333 cognoscit,
397 267 595 309 hortatur
616 266 871 320 Menelaum,
902 270 951 308 ut
980 267 1148 321 incepta
1177 272 1411 322 perageret,

133 325 224 380 ipse
255 323 403 366 dolens
432 326 703 377 praereptum
733 323 813 363 sibi
850 337 876 363 a
905 322 1189 377 Neoptolemo
1220 323 1413 365 Hermio—

132 395 213 423 nae
242 379 560 421 matrimonium
591 378 765 420 insidias
793 378 1036 420 advenienti
1066 393 1214 433 parare
1246 380 1411 433 occipit.

133 437 276 491 itaque
313 435 451 490 primo
497 449 548 476 ex
594 434 681 488 his,
727 449 833 488 quos
880 448 1022 475 secum
1068 434 1252 476 habebat
1287 450 1447 489 quam5

132 491 372 555 fidissimos,
403 490 668 545 speculatum
705 491 755 532 de
795 491 978 532 adventu
1013 489 1286 554 Neoptolemi
1317 491 1414 532 Del-

133 547 243 604 phos
272 547 417 589 mittit.
478 547 590 610 quis·
603 547 787 602 cognitis
809 546 1027 588 Menelaus
1058 547 1191 587 vitare
1222 547 1410 588 huiusce-

132 603 250 646 modi
286 603 454 645 facinus
496 603 670 657 cupiens
709 602 905 657 Spartam
951 602 1157 644 concedit.
1228 602 1301 643 sed
1338 603 1413 655 illi,

134 661 208 715 qui
237 659 459 714 praemissi
490 662 631 712 erant,
662 659 842 714 regressi
872 658 1203 722 Neoptolemum
1234 658 1414 722 Delphis

135 730 225 758 esse
254 719 427 778 negant.
488 729 617 769 quare
655 717 824 756 coactus
856 714 1027 756 Orestes
1065 715 1155 769 ipse
1194 714 1246 755 ad
1276 715 1412 769 inqui-
1435 730 1466 753 10

134 772 334 814 sitionem
365 771 446 812 vlri
476 770 692 825 profectus
729 770 813 812 alio
845 785 972 825 quam
1010 771 1117 812 ierat
1147 770 1212 811 die
1244 774 1414 823 remeat,

133 830 183 870 ut
212 841 349 869 sermo
371 826 594 868 hominum
615 826 842 880 ferebatur,
873 827 1047 881 negotio
1068 826 1271 880 perfecto.
1319 804 1416 867 dei1i

134 888 234 939 post
261 897 419 938 paucos
450 883 538 924 dies
568 882 683 924 fama
712 859 954 937 perfe'rturo
961 883 1156 924 interisse
1186 881 1416 936 Neoptole-

99 946 103 950 ”
134 954 270 981 mum:
302 953 482 993 eumque
513 952 706 980 sermone
738 939 929 980 omnium
951 939 1285 980 circumventum
1317 939 1416 980 insi-

135 995 214 1037 diis
246 994 408 1037 Orestis
438 1009 514 1049 per
542 995 748 1049 populum
771 994 1083 1036 disseminatur.
1144 995 1205 1036 ita
1234 995 1413 1048 iuvenis,
1435 1008 1466 1033 15

134 1052 209 1093 ubi
247 1051 297 1092 de
328 1051 494 1106 Pyrrho
533 1051 673 1105 palam
712 1054 794 1102 est,
826 1054 995 1104 recepta
1023 1050 1276 1103 Hermiona,
1308 1065 1415 1104 quae

135 1108 215 1149 sibi
246 1110 371 1148 antea-
401 1107 611 1161 desponsa
641 1109 743 1160 erat,
765 1106 966 1161 Mycenas
997 1106 1184 1148 discedit.
1245 1107 1415 1147 interim

134 1163 286 1206 Peleus
317 1177 413 1204 cum
443 1162 622 1204 Thetide
653 1163 826 1218 cognito
856 1163 1027 1217 nepotis
1065 1163 1241 1204 interitu
1273 1162 1324 1203 ad
1355 1163 1416 1203 in-

134 1219 461 1274 vestigationem
518 1219 607 1260 eius
657 1219 838 1273 profecti
896 1222 1162 1274 cognoscunt
1219 1219 1415 1260 iuvenem

135 1275 316 1330 Delphis
354 1275 579 1329 sepultum.
641 1275 719 1329 ibi,
762 1281 808 1316 ut
846 1290 938 1316 mos
969 1278 1079 1328 erat,
1119 1275 1230 1316 iusta
1261 1275 1468 1328 persol-20

136 1335 243 1373 vunt
274 1334 624 1386 cognoscuntque
656 1331 701 1372 in
726 1331 791 1372 his
822 1331 928 1372 locis
958 1331 1166 1383 interisse,
1199 1330 1271 1372 ubi
1302 1331 1416 1372 visus

138 1387 310 1430 Orestes
339 1388 588 1442 negabatur.
657 1401 706 1428 ea
743 1402 808 1428 res
846 1402 921 1441 per
951 1387 1158 1450 populum
1188 1386 1301 1427 haud
1332 1401 1416 1427 cre

136 1443 244 1497 dita,
285 1443 389 1485 adeo
419 1446 693 1507 praesumpta
729 1447 827 1484 ante
865 1443 949 1484 iam
989 1443 1134 1496 opmio
1174 1443 1223 1484 de
1256 1442 1416 1484 Orestis

135 1476 300 1542 insidiis
330 1502 579 1541 cunctorum
610 1500 763 1540 animis
793 1499 1045 1540 inhaeserat.
1098 1502 1282 1540 ceterum
1310 1498 1417 1540 The-

134 1556 190 1598 tis
228 1556 302 1597 ubi
337 1555 618 1597 Hermionam
658 1555 797 1597 Oresti
843 1556 1030 1597 iunctam
1070 1555 1204 1607 videt,
1250 1554 1416 1596 Andro·
1435 1567 1467 1592 25

136 1611 329 1653 macham
367 1615 493 1666 partu
540 1611 756 1667 gravidam
797 1626 847 1653 ex
884 1611 1168 1665 Neoptolemo
1208 1610 1417 1652 Molossos

134 1667 269 1709 mittit
321 1668 465 1709 dolum
512 1667 672 1709 Orestis
719 1668 892 1722 eiusque
937 1668 1132 1722 coniugis
1177 1667 1227 1708 de
1273 1667 1417 1708 interi-

134 1723 289 1765 mendo
319 1723 411 1765 fetu
441 1724 618 1766 evitans.

248 1779 365 1821 XIV.
416 1779 499 1821 Per
527 1779 638 1821 idem
667 1783 834 1834 tempus
865 1778 1013 1826 Ulixes
1050 1779 1223 1820 territus
1260 1779 1417 1820 crebris

135 1836 325 1899 auguriis
356 1836 616 1890 somniisque
648 1835 833 1877 adversis
872 1850 1019 1877 omnes
1055 1835 1242 1898 undique
1281 1835 1416 1889 regio·
1434 1848 1468 1874 30

136 1907 204 1934 ms
234 1892 324 1934 eius
354 1891 663 1947 interpretandi
694 1892 860 1955 somnia
889 1891 1168 1946 peritissimos
1199 1891 1416 1932 conducit:

137 1948 288 2003 hisque
318 1948 451 1990 refert
489 1949 600 1990 inter
638 1952 776 1990 cetera
806 1948 943 1989 visum
983 1948 1064 1989 sibi
1094 1948 1261 2001 saepius
1292 1948 1417 1988 simu-

138 2004 299 2045 lacrum
330 2003 541 2058 quoddam
573 2005 684 2045 inter
704 2004 933 2046 humanum
956 2003 1230 2058 divinumque
1253 2003 1417 2044 vultum

136 2060 298 2102 formae
346 2059 646 2114 perlaudabilis
691 2075 741 2102 ex
787 2060 933 2102 eodem
978 2060 1072 2102 loco
1118 2063 1290 2114 repente
1330 2059 1416 2100 edi:

137 2116 252 2171 quod
282 2116 507 2170 complecti
539 2131 702 2159 summo
743 2116 948 2158 desiderio
988 2116 1174 2170 cupienti
1205 2116 1286 2157 sibi
1323 2130 1418 2170 por·
1435 2125 1468 2151 35

227 2287 270 2318 ‘22
295 2297 333 2319 re
361 2287 388 2320 G
412 2297 469 2320 res
497 2287 528 2319 B
620 2289 662 2319 ‘23
687 2291 808 2319 oreste
829 2288 857 2319 G
881 2287 1012 2320 orestis
1037 2287 1069 2319 B
1162 2288 1204 2319 ‘27
1229 2290 1370 2318 orestae
1392 2285 1418 2317 G

138 2329 280 2363 Orestis
303 2332 337 2363 P
433 2334 476 2365 30
501 2333 664 2375 auguriis
689 2344 750 2365 om.
780 2332 807 2365 G
831 2333 930 2365 habet
954 2331 998 2364 B.
