1621 2550
479 129 626 162 BELLI
649 125 847 162 TROIANI
872 126 966 159 LIB.
992 126 1041 159 11.
1347 129 1399 170 27

233 227 325 269 XV.
395 228 478 270 Per
520 227 630 269 idem
679 230 846 282 tempus
890 226 1117 269 Diomedes
1167 230 1209 269 et
1256 228 1400 271 Ulixes

120 283 344 325 consilium
383 283 433 325 de
471 284 761 326 interficiendo
811 282 1035 325 Palamede
1074 283 1243 337 ineunt,
1284 299 1400 326 more

119 340 283 403 ingenii
321 340 517 393 humani,
565 340 678 395 quod
716 340 936 382 imbellum
973 339 1194 381 adversum
1234 339 1401 383 dolores

118 396 250 437 ammi
280 399 321 437 et
351 396 534 437 invidiae
565 397 738 451 plenum
769 396 921 438 anteiri
953 409 996 437 se
1027 411 1052 437 a
1082 395 1255 437 meliore
1287 396 1400 439 haud

117 451 243 493 facile
274 453 445 506 patitur.
505 452 638 507 igitur
675 453 872 495 simulato
911 451 1025 506 quod
1061 451 1308 494 thesaurum
1339 467 1434 495 re-5

118 511 285 562 pertum
333 508 377 549 in
421 511 551 562 puteo
599 523 693 550 cum
740 524 789 551 eo
836 508 985 563 partiri
1023 507 1183 549 vellent
1228 510 1400 551 remotis

117 563 265 618 procul
296 565 493 606 omnibus
524 565 796 619 persuadent,
837 565 897 606 uti
940 565 1029 619 ipse
1060 564 1202 618 potius
1233 564 1401 607 descen-

117 619 235 661 deret
264 634 444 674 eumque
475 621 583 662 nihil
614 621 805 662 insidiosi
845 623 1104 662 metuentem
1142 620 1400 663 adminiculo

116 675 231 717 funis
263 691 384 717 usum
406 675 626 730 deponunt
657 691 705 718 ac
736 691 915 731 propere
937 677 1114 730 arreptis
1145 677 1271 731 saxis,
1294 692 1400 732 quae

116 731 274 773 circum
320 735 463 785 erant,
507 733 685 786 desuper
728 733 927 774 obruunt.
1001 733 1061 774 ita
1105 733 1169 773 vir
1214 733 1401 787 optimus
1421 748 1452 772 ιο

116 790 397 841 acceptusque
429 788 474 828 in
503 789 709 842 exercitu,
741 789 858 830 cuius
889 803 1026 842 neque
1057 789 1282 830 consilium
1314 805 1401 831 um-

116 857 244 898 quam
275 858 412 898 neque
434 844 568 885 virtus
598 844 756 886 frustra
786 845 888 899 fuit,
920 845 1232 887 circumventus
1263 860 1287 887 a
1310 847 1400 901 qui-

96 899 194 940 'bus
238 899 413 941 minime
459 900 657 942 decuerat
701 901 878 957 indigno
918 901 1043 943 modo
1082 901 1257 944 interiit.
1329 902 1400 943 sed

115 955 255 1009 fuere,
287 956 359 1010 qui
400 956 488 997 eius
528 957 693 999 consilii
725 958 838 999 haud
870 961 1083 1012 expertem
1115 959 1400 1013 Agamemno-

114 1025 213 1053 nem
234 1011 433 1067 dicerent,
465 1013 519 1055 ob
550 1028 736 1055 amorem
755 1014 872 1055 ducis
903 1014 947 1055 in
978 1014 1210 1056 exercitum
1238 1018 1280 1056 et
1301 1015 1401 1069 quia
1420 1028 1452 1053 15

114 1083 214 1124 pars
244 1069 427 1111 maxima
458 1070 549 1126 regi
587 1071 640 1112 ab
679 1086 727 1113 eo
767 1072 941 1126 cupiens
971 1070 1224 1112 tradendum
1256 1071 1293 1112 ei
1324 1071 1400 1112 im-

113 1126 279 1180 perium
317 1127 457 1180 palam
495 1127 790 1182 loquebantur.
858 1127 990 1183 igitur
1020 1141 1045 1168 a
1075 1127 1239 1168 cunctis
1271 1126 1400 1169 Grae-

116 1181 174 1223 cis
195 1182 327 1224 veluti
356 1183 573 1237 publicum
604 1183 732 1225 funus
763 1185 852 1225 eius
875 1187 1106 1225 crematum
1137 1183 1241 1238 igni,
1272 1197 1399 1225 aureo

114 1238 286 1280 vasculo
318 1239 530 1293 sepultum
562 1243 637 1281 cst.

226 1294 342 1336 XVI.
396 1295 574 1337 Interim
605 1296 794 1338 Achilles
824 1296 1040 1337 ministras
1071 1298 1113 1337 et
1144 1296 1276 1337 veluti
1308 1295 1399 1337 offi-
1418 1309 1450 1333 :10

112 1351 252 1392 cinam
283 1351 383 1393 belli
414 1352 628 1406 proximas
660 1352 812 1393 Troiae
843 1352 1035 1394 civitates
1065 1355 1182 1394 ratus
1220 1353 1399 1406 sumptis

113 1407 280 1461 aliquot
325 1408 503 1449 navibus
545 1407 729 1450 Lesbum
780 1407 1026 1464 aggreditur
1078 1423 1125 1450 ac
1177 1408 1268 1450 sine
1314 1408 1401 1449 ulla

113 1462 364 1505 difficultate
396 1478 488 1505 eam
517 1465 630 1518 capit
668 1468 710 1506 et
738 1464 988 1506 Phorbanta
1024 1464 1106 1506 loci
1137 1465 1226 1505 eius
1257 1478 1399 1520 regem

112 1519 247 1560 multa
277 1520 501 1561 adversum
523 1520 707 1562 Graecos
738 1521 951 1562 hostiliter
972 1520 1167 1562 molitum
1199 1521 1401 1562 interficit

112 1578 239 1629 atque
283 1575 381 1616 inde
433 1575 710 1618 Diomedeam
763 1577 893 1618 filiam
939 1591 984 1618 re
1018 1577 1052 1618 is
1103 1591 1199 1618 cum
1243 1590 1400 1632 magna
1419 1588 1451 1613 25

111 1630 267 1685 praeda
305 1631 486 1673 abducit.
556 1633 652 1674 dein
689 1632 867 1687 Scyrum
906 1636 948 1674 et
1029 1633 1237 1686 ierapolin
1275 1633 1400 1673 urbes

112 1686 288 1728 refertas
347 1687 506 1729 divitiis
581 1689 743 1730 cunctis
807 1703 980 1730 suorum
1039 1688 1313 1742 poscentibus
1358 1689 1400 1729 vi

114 1756 269 1798 magna
299 1757 523 1799 aggressus
554 1745 699 1799 paucis
731 1744 878 1786 diebus
908 1745 1000 1786 sine
1031 1744 1119 1786 ulla
1148 1744 1399 1786 difficultate

114 1799 311 1841 excindit.
372 1803 559 1842 ceterum
605 1815 688 1855 qua
732 1801 938 1856 pergebat
982 1801 1074 1856 agri
1119 1800 1264 1842 referti
1309 1800 1398 1856 iugi

112 1869 214 1910 pace
239 1855 487 1910 depraedati
518 1857 799 1912 omnibusque
820 1857 961 1898 vexati
991 1871 1130 1912 neque
1159 1857 1398 1911 quicquam,
1418 1869 1451 1892 ³0

202 1958 278 1990 XV.
303 1959 428 1991 Tzetz.
462 1959 652 1992 Antebom.
682 1961 747 1993 297
779 1970 880 2002 seqq.
919 1960 1043 1993 const.
1076 1959 1236 1992 Manass.
1268 1961 1323 1992 26.
1357 1960 1399 1991 27

111 2002 250 2035 Auctor
273 2001 348 2035 τῶν
377 2002 556 2043 Τρωϊκῶν
580 2005 617 2036 in
643 2007 683 2037 B.
711 2004 784 2038 Uff.
812 2004 1016 2038 XXXVIII.

201 2046 295 2080 XVI.
328 2048 442 2080 XVII.
474 2048 599 2081 Malal.
629 2051 704 2083 125.
739 2051 802 2082 126
834 2051 914 2082 init.
947 2049 1101 2083 Cedren.
1128 2050 1156 2082 P
1184 2050 1247 2082 126
1273 2049 1399 2082 Tzetz.

111 2091 302 2125 Antehom.
329 2094 396 2125 349
422 2103 498 2136 seq.

203 2172 222 2202 7
243 2172 395 2212 fortasse
419 2173 631 2204 scribendum
657 2178 707 2205 ese
732 2173 956 2215 persuadent
983 2174 1018 2205 ei
1097 2174 1118 2206 8
1143 2171 1319 2205 insidiose
1339 2171 1400 2205 GB

111 2215 322 2249 insidiosum
352 2217 386 2248 V
429 2216 597 2250 insidiosi
626 2218 706 2251 Cod.
735 2219 879 2251 Heinsii.
921 2218 1156 2250 amminiculo
1183 2217 1211 2250 G
1283 2219 1322 2250 10
1347 2217 1399 2248 ita

111 2263 152 2292 ut
179 2260 207 2293 G
278 2263 315 2293 11
342 2262 444 2294 euius
469 2272 537 2304 que
565 2263 627 2295 GB
698 2265 738 2295 12
763 2273 906 2305 nequae
926 2263 953 2296 G
1001 2263 1124 2296 fuerat
1147 2262 1179 2293 V
1250 2264 1289 2294 14
1307 2263 1400 2303 Aga-

112 2315 193 2337 men
218 2316 348 2339 nomen
368 2307 396 2339 G
478 2308 518 2339 15
544 2307 580 2339 in
608 2309 771 2340 exercitu
795 2309 994 2341 Perizonius
1076 2309 1118 2341 23
1145 2308 1316 2342 forbanta
1337 2306 1400 2338 GB

111 2350 154 2382 26
184 2350 298 2393 preda
324 2351 386 2384 GB
435 2351 605 2394 phyrram
631 2352 659 2385 G
705 2353 857 2395 phyram
882 2353 926 2385 B.
