1621 2550
475 117 622 150 BELLI
646 116 848 150 TROIANI
872 117 963 150 LIB.
988 117 1034 150 11.
1343 117 1396 160 23

118 219 180 262 uti
211 216 524 273 quamprimum
555 215 750 270 expedito
789 216 962 271 negotio
1000 220 1253 258 remearent:
1285 217 1398 272 quod

120 289 168 317 ea
196 273 335 330 gratia
364 271 545 313 maxime
576 287 601 313 a
629 271 854 313 Priamidis
885 272 1179 324 festinabatur,
1211 273 1273 314 uti
1304 287 1399 327 pro-

119 344 216 386 pere
245 330 452 371 instructo
491 328 676 369 exercitu
715 330 881 382 tempus
920 328 1197 382 profect-ionis
1233 333 1398 370 anteca-

41 423 55 442 ,ῃ
118 388 268 442 perent
296 387 423 439 atque
454 398 580 426 omne
601 383 715 438 quod
744 384 973 437 parabatur
999 384 1157 425 bellum
1189 385 1234 426 in
1265 385 1398 440 regio-

119 456 193 485 nes
224 441 426 484 Graeciae
456 442 829 494 transportaretur.

229 497 305 539 IX.
366 496 479 538 Dum
518 496 621 537 haec
665 495 777 550 apud
815 495 988 538 Troiam
1032 499 1260 551 geruntur,
1300 496 1400 538 Dio-

119 554 260 596 medes
312 553 472 608 incepti
518 567 664 594 eorum
703 552 856 594 certior
894 553 1031 594 factus
1068 566 1223 607 magna
1259 552 1400 594 celeri-

120 614 208 652 tate
238 624 313 664 per
342 623 512 651 omnem
543 608 764 650 Graeciam
794 612 1048 663 pervagatus
1080 609 1300 650 universos
1330 608 1401 649 du·

120 681 189 709 ces
218 665 419 708 convenit
461 665 611 718 hisque
641 664 866 705 consilium
896 664 1179 706 Troianorum
1208 665 1402 719 aperiens

119 724 267 765 monet
308 724 435 775 atque
480 722 694 779 hortatur,
741 720 804 761 uti
849 721 1161 774 quamprimum
1206 721 1402 762 instructi
1423 732 1453 754 κ»

118 778 245 820 rebus
282 777 394 819 bello
433 776 680 818 necessariis
720 775 772 817 ad
809 776 1099 831 navigandum
1136 776 1401 818 festinarent.

119 849 258 889 neque
280 832 413 875 multo
444 836 543 887 post
572 847 616 873 re
648 832 820 887 cognita
840 834 980 887 Argos
1011 833 1064 874 ab
1086 833 1285 874 omnibus
1307 847 1404 874 con·

102 890 311 932 'veniturz
343 889 402 930 ibi
432 888 622 930 Achilles
653 889 743 943 regi
773 888 1040 944 indignatus,
1080 888 1192 943 quod
1230 892 1405 943 propter

119 947 251 988 filiam
282 949 477 986 renueret
515 945 846 999 profectionem,
885 944 937 986 ab
977 943 1101 986 Ulixe
1141 945 1186 986 in
1223 945 1404 1000 gratiam

120 1002 317 1045 reductus
348 1004 422 1043 est.
484 1001 520 1042 is
550 1015 733 1054 namque
764 1000 835 1042 diu
857 1003 1016 1043 maesto
1048 1015 1096 1042 ac
1126 1002 1242 1042 luctu
1267 1002 1404 1042 obsito
1426 1012 1456 1035 15

122 1058 439 1115 Agamemnoni
478 1057 718 1109 insinuans,
751 1071 858 1110 quae
890 1057 999 1098 circa
1030 1056 1161 1097 filiam
1192 1057 1281 1098 eius
1313 1071 1404 1098 eve-

121 1115 306 1167 nissent,
343 1113 532 1155 animum
572 1116 698 1167 atque
745 1116 943 1154 ornatum
988 1113 1100 1167 regis
1145 1112 1404 1154 reformavit.

121 1171 254 1227 igitur
283 1169 446 1212 cunctis
467 1169 761 1223 praesentibus
782 1183 1040 1223 quamquam
1071 1183 1095 1209 a
1123 1169 1242 1210 nullo
1265 1169 1406 1210 officia

120 1227 299 1269 militiae
328 1225 685 1281 neglegebantur,
717 1225 943 1279 praecipue
973 1228 1118 1266 tamen
1148 1225 1257 1266 Aiax
1287 1224 1407 1266 Tela-

122 1283 292 1325 monins
330 1286 372 1323 et
403 1280 592 1322 Achilles
631 1295 727 1322 cum
757 1280 964 1323 Diomede
1002 1295 1147 1322 curam
1178 1282 1406 1322 maximam
1425 1293 1457 1315 2²0

123 1338 395 1392 studiumque
425 1337 671 1391 inportandi
692 1337 793 1378 belli
817 1341 1107 1391 susceperant:
1139 1338 1288 1391 nisque
1319 1337 1407 1391 pla-

123 1398 209 1447 cet,
250 1395 312 1436 uti
350 1396 517 1448 praeter
554 1396 813 1435 contractam
852 1393 1029 1434 classem
1065 1407 1216 1447 naves,
1256 1394 1408 1447 quibus

123 1451 219 1493 loca
253 1450 428 1492 hostilia
464 1450 752 1503 incursarent,
790 1452 1114 1504 praeparentur:
1164 1450 1223 1490 ita
1263 1449 1408 1490 diebus

123 1506 270 1562 paucis
290 1505 602 1560 quinquaginta
616 1506 791 1547 navium
812 1505 988 1546 classem
1017 1506 1268 1547 instructam
1292 1506 1409 1547 omni

126 1576 281 1619 genere
302 1562 584 1616 conpingunt.
635 1565 823 1602 ceterum
845 1561 898 1603 ab
929 1562 1098 1615 incepto
1121 1561 1298 1602 militiae
1321 1562 1409 1602 eius
1429 1572 1460 1596 25

126 1621 277 1661 octavo
308 1618 392 1659 iam
432 1632 546 1659 anno
584 1616 637 1659 ad
675 1617 758 1659 hoc
788 1631 921 1671 usque
959 1621 1126 1671 tempus
1156 1621 1409 1671 consumpto

124 1675 296 1717 initium
325 1673 430 1715 noni
461 1676 693 1727 occeperat.

238 1729 290 1771 X.
338 1730 397 1771 At
419 1729 491 1770 ubi
521 1730 754 1771 instructae
775 1728 892 1770 omni
913 1728 1039 1770 modo
1061 1728 1212 1770 classes
1234 1732 1275 1770 et
1295 1743 1411 1770 mare

125 1786 300 1842 navigio
344 1789 493 1841 patens
536 1799 676 1840 neque
724 1785 811 1826 ulla
855 1799 920 1826 res
967 1784 1271 1839 impedimento
1311 1787 1411 1837 erat,

127 1841 326 1898 Scythas,
366 1841 440 1896 qui
477 1841 589 1884 forte
627 1840 842 1883 mercandi
880 1841 1019 1897 gratia
1055 1855 1105 1883 eo
1146 1841 1411 1895 adpulerant,
1431 1853 1463 1876 ³0

126 1899 361 1942 conductos
391 1898 582 1940 mercede
622 1897 747 1939 duces
777 1897 1055 1951 profect-ionis
1086 1897 1175 1939 eius
1206 1896 1411 1952 delegere.

126 1969 204 2010 per
233 1954 345 1996 idem
364 1957 533 2009 tempus
553 1953 767 2008 Telephus
798 1953 943 1995 dolore
965 1953 1153 1995 vulneris
1176 1954 1278 2006 eius,
1301 1953 1413 2007 quod

128 2012 175 2053 in
203 2010 367 2066 proelio
398 2010 622 2052 adversum
654 2009 838 2051 Graecos
870 2012 1102 2064 acceperat,
1135 2008 1207 2050 diu
1238 2008 1415 2050 afflicta-

127 2070 218 2121 tus,
257 2081 352 2109 cum
382 2065 502 2108 nullo
541 2065 726 2107 remedio
766 2065 925 2107 mederi
963 2069 1123 2120 posset,
1163 2065 1216 2106 ad
1254 2068 1415 2119 postre-

128 2138 246 2165 mum
276 2122 490 2177 Apollinis
522 2121 695 2164 oraculo
727 2122 928 2175 monitus,
960 2122 1023 2163 uti
1044 2121 1257 2163 Achillem
1288 2124 1414 2175 atque
1434 2131 1466 2157 ³5

222 2249 263 2280 14
289 2251 487 2280 rennueret
512 2247 539 2280 G
639 2249 681 2279 21
708 2247 862 2280 studium
891 2245 938 2279 G¹
994 2256 1063 2288 que
1088 2247 1168 2279 add.
1195 2248 1214 2278 2
1239 2257 1279 2278 m.
1374 2246 1417 2278 28

129 2293 228 2326 omni
258 2292 361 2326 modo
396 2292 424 2325 G
535 2294 578 2325 29
610 2292 757 2335 patiens
790 2292 870 2332 ΕΒ,
911 2290 1054 2324 Orellius
1091 2296 1239 2334 patens,
1277 2290 1418 2332 nauigii

131 2337 277 2380 patiens
306 2339 342 2370 V
430 2338 472 2371 32
497 2337 694 2380 thelephus
720 2337 748 2370 G
795 2336 956 2370 dolorem
983 2336 1021 2369 G.
