1621 2550
150 433 165 458 5

134 712 165 737 10

133 990 164 1015 15

131 1270 164 1296 20

130 1550 163 1575 25

131 1829 164 1855 30

184 97 240 137 30
594 94 769 128 DICTYS
795 92 1061 127 CRETENSIS

187 210 236 237 ex
268 196 363 250 quis
394 195 486 236 auri
517 197 643 248 atque
674 194 841 249 argenti
872 197 1077 248 quantum
1108 193 1209 234 satis
1246 193 1468 235 videbatur

184 251 501 314 Agamemnoni
530 251 620 305 regi
652 250 775 291 datur
803 264 851 291 ac
881 249 1030 291 deinde
1062 249 1182 290 Aiaci
1213 250 1266 290 ob
1299 250 1470 304 egregia

185 308 378 349 labolum
409 307 499 348 eius
528 306 721 348 facinora
751 305 1006 347 Teuthranti
1041 305 1172 346 filiam
1202 304 1467 346 Tecmessam

185 363 435 405 concedunt.
497 363 557 404 ita
587 362 732 403 divisis
763 362 808 402 in
839 362 1030 417 singulos
1070 375 1176 416 quae
1207 364 1467 415 supererant,

185 419 449 460 frumentum
478 432 554 472 per
584 418 816 459 exercitum
845 418 1112 471 dispertiunt.

295 474 389 516 XX.
458 474 537 515 His
575 475 680 515 actis
717 473 843 514 fidem
881 473 1013 526 pacti,
1060 473 1172 526 quod
1210 487 1305 514 cum
1342 473 1467 527 Poly-

182 533 365 572 mestore
395 531 702 583 intercesserat,
725 529 1013 582 traditumque
1038 527 1297 582 Polydorum
1322 531 1465 570 refert.

184 588 237 628 ob
269 601 376 640 quae
408 586 570 627 cunctis
601 585 853 638 decernitur,
885 587 932 625 ut
957 583 1103 625 Ulixes
1135 597 1230 625 cum
1261 584 1467 626 Diomede

182 642 363 696 profecti
394 641 447 683 ad
477 642 694 682 Priamum
716 640 925 682 Helenam
956 654 1051 681 cum
1083 640 1268 693 abreptis
1297 654 1469 694 recupe-

183 701 349 752 rarent,
381 701 507 752 atque
539 698 598 739 ita
627 697 887 751 Polydorum
927 697 1017 751 regi
1047 696 1276 737 hadel-‚ent
1336 697 1469 751 igitur

181 755 249 795 1313
278 731 554 809 pergentibus
585 752 824 806 Menelaus,
864 767 908 793 in
948 753 1066 793 cuius
1105 752 1286 807 gratiam
1324 753 1367 793 id
1397 767 1468 794 ne-

183 811 349 865 gotium
388 810 631 865 gelmebatur
670 809 896 864 legationis
943 808 1129 849 officium
1175 823 1264 849 01113
1309 809 1469 862 pariter

183 880 279 907 cum
309 865 560 920 supradictis
591 866 716 919 capit
784 866 927 919 itaque
964 864 1169 905 habentes
1207 864 1467 919 Polydorum

183 922 236 963 ad
265 922 474 963 Troianos
504 922 695 963 veniunt.
756 921 827 962 sed
866 920 939 961 ubi
970 910 1303 961 animadvertere
1335 935 1468 974 popu-

182 977 291 1018 lares
337 978 493 1019 electos
535 991 583 1018 ac
627 978 772 1033 magni
815 977 1002 1017 nominis
1047 977 1160 1017 viros
1205 975 1468 1030 adventasse,

181 1047 362 1088 propere
393 1047 514 1074 senes
545 1048 711 1087 omnes,
751 1047 930 1087 quorum
968 1032 1192 1073 consilium
1224 1033 1372 1073 haberi
1403 1047 1467 1074 so-

182 1090 306 1131 litum
345 1093 453 1143 erat,
497 1090 542 1130 in
579 1067 712 1131 111111111
751 1089 911 1130 ducunt
946 1088 1114 1129 Priamo
1154 1103 1178 1129 a
1216 1088 1314 1129 filiis
1353 1088 1467 1129 domi

182 1148 364 1187 retento.
448 1146 580 1201 igitur
636 1146 810 1200 reliquis
866 1145 1158 1198 praesentibus
1209 1144 1466 1186 (τ1-ε1000111111

182 1201 401 1243 Menelaus
421 1202 549 1243 verba
570 1201 692 1243 facit:
725 1201 942 1243 3001111ᾶο
931 1216 1014 1242 iam
1036 1215 1080 1242 se
1101 1201 1153 1242 ob
1176 1200 1352 1242 eandem
1373 1215 1467 1242 cau—

183 1272 271 1299 sam
292 1259 469 1299 venisse.
521 1272 616 1299 cum
645 1258 778 1299 multa
799 1258 881 1298 alia
902 1257 1123 1298 adversum
1145 1271 1188 1297 se
1210 1257 1467 1310 domumque

183 1329 303 1355 suam
334 1314 528 1367 admissa,
560 1317 652 1355 tum
673 1327 829 1369 magno
861 1328 954 1354 cum
977 1313 1138 1367 gemitu
1169 1313 1280 1353 filiae
1312 1312 1467 1354 orbita-

182 1373 269 1410 tem
289 1384 365 1424 per
386 1370 622 1411 absentiam
645 1370 840 1425 coniugis
857 1369 1080 1423 conqueri:
1113 1382 1220 1423 quae
1242 1372 1394 1410 cuncta
1414 1369 1467 1410 ab

182 1426 319 1467 amico
350 1426 564 1480 quondam
604 1429 645 1466 et
682 1426 850 1480 hospite
889 1439 977 1466 non
1009 1425 1237 1465 secundum
1268 1425 1467 1466 meritum

183 1496 305 1523 suum
328 1482 529 1523 evenisse.
581 1496 667 1523 eam
700 1496 886 1523 seniores
916 1481 1259 1522 lamentationem
1290 1481 1467 1522 inmodi-

182 1552 268 1579 cam
298 1552 390 1579 cum
420 1538 605 1579 lacrimis
635 1539 888 1601 accipientes
919 1537 971 1577 ad
1002 1537 1157 1600 omnia,
1195 1551 1301 1591 quae
1333 1537 1386 1578 ab
1417 1551 1467 1578 eo

182 1594 443 1647 dicebantur,
474 1595 722 1648 tamquam
711 1595 890 1635 iniuriae
913 1594 1000 1634 eius
1020 1593 1247 1647 participes
1269 1593 1466 1635 adnuere.

294 1649 410 1691 XXI.
477 1650 581 1691 Post
618 1665 742 1704 quem
787 1649 934 1691 Ulixes
973 1649 1135 1690 medius
1173 1648 1344 1690 adstans
1391 1649 1467 1690 hu·

182 1705 414 1747 iuscemodi
445 1706 680 1746 orationem
702 1706 873 1747 habuit:
904 1705 1056 1758 „credo
1080 1718 1158 1759 ego
1181 1719 1269 1757 vos,
1291 1704 1467 1746 Troiani

182 1762 408 1816 principes,
431 1762 532 1803 satis
555 1765 815 1816 compertum
836 1761 1004 1813 habere,
1027 1761 1134 1801 nihil
1156 1764 1313 1802 temere
1338 1760 1466 1803 Grae-

185 1832 269 1871 cos,
299 1818 409 1859 nihil
430 1818 720 1859 inconsultum
743 1818 929 1871 incipere
951 1816 1097 1869 solere,
1139 1832 1184 1858 ac
1215 1831 1380 1871 semper
1401 1817 1467 1858 his

183 1875 266 1915 iam
303 1877 396 1915 tum
437 1889 460 1915 a
490 1874 722 1915 maioribus
768 1875 985 1928 provisum
1024 1877 1150 1927 atque
1188 1873 1466 1927 elaboratum,

275 2001 289 2031 1
318 1999 538 2031 uidebantur
556 1999 584 2031 G
654 2002 673 2031 3
699 1999 905 2031 theutranti
925 1998 951 2030 G
982 2000 1187 2031 tecmissam
1209 1998 1281 2030 GB.
1344 2000 1363 2030 4
1381 2000 1466 2038 sort.

182 2045 279 2076 inter
304 2044 467 2085 singulos
497 2044 707 2075 scribendum
739 2049 789 2075 est
883 2046 920 2075 11
953 2044 1075 2085 gratia
1100 2043 1162 2074 ΗΒ
1210 2045 1366 2084 gratiam
1400 2044 1469 2075 PV

184 2091 224 2120 17
251 2089 475 2131 conducunt,
504 2090 595 2131 quod
617 2090 716 2121 voluit
747 2088 974 2130 H’opkensius
1002 2089 1066 2119 PV
1091 2088 1136 2120 cf.
1160 2099 1189 2120 c.
1215 2090 1234 2119 2
1268 2092 1305 2119 et
1338 2090 1394 2125 19,
1428 2088 1464 2119 iu

181 2144 290 2166 unum
318 2137 452 2166 coeunt
482 2144 509 2166 0.
538 2135 581 2166 30
675 2135 715 2166 18
741 2134 975 2175 presentibus
1001 2133 1028 2165 G
1121 2134 1164 2165 24
1195 2143 1238 2165 ea
1269 2142 1296 2164 s.
1329 2132 1466 2165 lamen-

182 2179 322 2211 tatione
349 2178 528 2211 inmodica
556 2178 635 2218 GR,
662 2189 753 2212 corr.
786 2180 818 2210 in
843 2180 894 2211 ed.
922 2178 1017 2210 Crat.
1116 2179 1158 2209 2ss
1184 2177 1368 2209 aduenere
1402 2177 1465 2209 GB

181 2225 223 2256 27
250 2234 356 2266 quam
377 2223 438 2255 GB
530 2225 574 2256 30
598 2223 815 2264 inconsulte,
843 2225 934 2266 quod
956 2227 1139 2265 optauerat
1163 2222 1401 2264 uv'opkmeius,
1424 2222 1464 2253 V·

182 2268 246 2301 sed
271 2269 316 2309 cf,
339 2269 381 2310 V,
407 2272 427 2300 6
453 2279 496 2301 ea
521 2278 615 2310 quae
634 2272 746 2301 antea
772 2272 878 2310 gesta
897 2271 1017 2301 essent
1042 2272 1175 2300 temere
1201 2271 1236 2300 et
1258 2266 1465 2299 inconsulta

181 2316 221 2346 31
249 2313 456 2347 laboratum
482 2325 547 2347 non
572 2316 655 2346 male
675 2314 751 2345 PV.
