1621 2550
635 589 793 638 Index
829 590 1129 638 Latinitatis.

726 689 845 721 Pagina
868 693 897 715 et
916 696 1031 715 verene.

238 792 293 824 Ab
320 791 468 824 deorum
495 791 570 823 aris
595 790 771 822 auxilium
796 791 849 823 vi·

262 841 324 868 tae
373 835 568 878 implorare
609 837 669 876 97,
712 836 753 867 22
802 836 848 868 ab

263 891 386 913 eorum
411 880 509 920 filiis,
536 891 600 921 per
619 882 710 920 filios
734 880 810 920 106,
830 881 849 911 2

239 925 406 958 abdicari
432 936 453 956 a
477 924 674 966 penatibus
699 926 755 964 69,
778 926 798 955 5

239 970 435 1002 abhorrere
450 968 650 1010 exemplum
661 971 714 1009 33,
727 970 745 1000 7
766 970 850 1010 34,5

241 1015 340 1046 abire
365 1014 521 1046 consilio
547 1015 601 1055 35,
630 1015 671 1046 16

239 1059 365 1091 ablata
383 1059 549 1099 brachia,
576 1058 708 1091 abscisa
726 1060 780 1098 97,
808 1059 850 1090 14

239 1104 403 1135 ablativus
420 1105 542 1136 tertiae
559 1104 793 1135 declinationis
815 1104 849 1134 in

263 1159 282 1180 e
309 1145 440 1191 [mare]
469 1149 545 1190 108,
572 1149 592 1179 2
620 1149 695 1187 109,
722 1149 764 1180 14

240 1193 378 1225 ablativi
411 1193 555 1225 absoluti
580 1193 745 1235 frequens
771 1202 849 1224 usus

261 1239 294 1270 in
319 1238 429 1270 verbis
463 1237 610 1280 cognito
636 1238 848 1279 conspirato

261 1282 492 1315 dissimulato
522 1282 712 1324 praedicto
744 1292 848 1324 prae-

261 1329 431 1360 nuntiato
449 1327 629 1359 simulato.
661 1326 850 1368 dispositis

262 1372 354 1404 satis
382 1372 538 1405 strenuis
569 1371 632 1403 ubi
662 1371 850 1412 pugnabat

261 1418 316 1457 54,
345 1418 386 1449 18
413 1415 635 1448 confirmatis
659 1416 724 1447 ubi
755 1417 849 1458 quis-

263 1471 331 1503 que
346 1465 577 1503 pugnaverat
591 1463 646 1501 54,
660 1461 702 1492 27
721 1461 849 1493 relicto

263 1506 326 1538 ubi
350 1508 581 1548 pugnaverat
605 1507 661 1546 58,
689 1507 730 1538 10

239 1551 418 1591 abnuere,
444 1561 604 1583 recusare
630 1551 684 1588 80,
712 1552 753 1582 15

241 1595 401 1628 abolitus
428 1606 526 1628 amor
551 1597 605 1634 39,
632 1597 675 1628 35

241 1640 565 1680 abscessus‚abitus
580 1642 655 1680 100,
667 1641 708 1672 10
724 1640 849 1680 110,25

240 1684 424 1717 absolutio
452 1685 654 1724 cadaveris,
680 1686 849 1716 restitucio

264 1731 319 1769 66,
345 1731 386 1762 33

239 1774 428 1806 abstinere
460 1784 481 1805 a
513 1783 662 1815 corpore
694 1773 850 1815 virginis

264 1819 316 1858 16,
344 1820 387 1850 24

241 1864 443 1895 abstractio
493 1863 676 1904 coniugis,

261 1910 293 1949 4,
321 1909 364 1941 30

239 1953 408 1994 accipere
434 1951 575 1994 epulas,
601 1952 704 1984 cibum
721 1962 851 1984 sumere

262 1999 317 2037 90,
349 1998 391 2029 16
435 1998 470 2029 in
516 2007 651 2038 regnum
696 1999 851 2038 recipere

264 2044 340 2081 103,
374 2043 417 2074 28
465 2042 623 2083 benigne
673 2045 851 2084 acceptus

264 2087 340 2127 106,
367 2088 410 2118 24

239 2132 362 2164 accitu
379 2131 578 2171 Idomenei,
597 2133 783 2163 accersitus
808 2131 849 2163 ab

262 2176 445 2208 Idomeneo
472 2178 547 2215 105,
578 2178 617 2207 14

239 2222 449 2253 accusativus
467 2222 595 2263 primae
614 2222 850 2253 declinationiS

264 2268 296 2297 in
331 2276 377 2298 au
411 2267 487 2307 109,
521 2267 561 2297 17
603 2267 635 2297 in
675 2276 717 2297 en
749 2267 802 2299 21.
830 2266 850 2297 8

263 2311 318 2351 26,
345 2313 365 2343 3
383 2312 402 2342 9
418 2312 470 2349 28,
496 2311 535 2343 13
554 2315 617 2342 ecc.
645 2311 766 2342 tertiae
792 2311 848 2342 de-

730 1868 851 1904 raptus

942 793 1133 823 clinationis
1147 793 1179 823 in
1193 802 1215 824 a
1229 792 1283 832 26,
1298 793 1340 826 28
1355 794 1396 825 32
1414 794 1470 834 27,
1484 795 1528 826 23

942 837 996 876 37,
1016 837 1060 867 24
1082 837 1138 875 48,
1159 838 1199 868 17
1217 843 1280 869 etc.
1306 839 1339 868 in
1357 847 1402 869 ea
1416 839 1470 878 15,
1486 839 1528 870 17

941 881 996 920 81,
1014 882 1056 913 20
1083 882 1157 920 108,
1175 882 1194 913 5
1220 885 1282 913 etc.
1308 884 1341 913 in
1366 891 1411 913 en
1435 883 1490 922 22,
1507 883 1529 914 3

942 926 997 965 25,
1023 927 1043 957 5
1088 926 1142 964 26,
1171 926 1212 956 14
1257 927 1312 966 35,
1340 927 1357 957 1
1405 927 1461 966 39,
1486 928 1527 959 31

941 971 997 1008 42,
1014 971 1054 1001 15
1072 974 1137 1002 etc.
1152 971 1298 1011 pluralis
1314 971 1348 1002 in
1366 981 1406 1003 as
1419 971 1473 1011 28,
1488 973 1530 1004 10

919 1059 1128 1091 aecusativus
1164 1061 1390 1100 respectivus:
1432 1061 1530 1092 ictus

942 1103 1058 1135 femur
1093 1104 1154 1144 43,
1195 1106 1236 1136 31
1297 1103 1530 1146 Deiphobum

942 1149 1071 1180 tibiam
1097 1148 1183 1180 ferit
1199 1149 1254 1188 56,
1273 1150 1315 1180 22
1341 1148 1527 1181 debilitati

941 1193 1081 1225 animos
1112 1194 1166 1232 73,
1192 1195 1212 1226 8
1250 1193 1344 1226 ictus
1375 1194 1529 1236 inguina

941 1239 995 1278 74,
1021 1239 1064 1269 24
1110 1238 1305 1279 pugionem
1346 1239 1530 1270 incinctus

940 1284 995 1323 76,
1021 1284 1063 1315 32

919 1327 1020 1359 acies
1046 1327 1203 1369 simplici
1230 1327 1345 1358 forma
1369 1328 1424 1367 38,
1450 1329 1493 1359 24

921 1372 1094 1411 actitata,
1123 1377 1201 1404 acta
1225 1372 1281 1413 86,
1309 1373 1350 1403 17

921 1416 967 1448 ad
993 1415 1144 1448 multum
1163 1416 1258 1448 diem
1283 1418 1337 1456 59,
1356 1417 1399 1449 28
1424 1417 1470 1449 ad
1492 1417 1530 1448 id

943 1464 1087 1503 tempus
1111 1463 1165 1499 33,
1194 1462 1235 1493 19
1261 1461 1314 1499 66,
1333 1462 1354 1493 5
1379 1461 1425 1493 ad
1450 1461 1530 1493 fini-

942 1506 1047 1538 timos
1072 1506 1253 1538 indomita
1285 1515 1375 1548 gens
1405 1507 1458 1543 60,
1485 1507 1531 1538 30

944 1549 989 1582 ad
1016 1560 1054 1582 se
1081 1551 1225 1592 agmine
1259 1550 1394 1583 infesto
1426 1551 1530 1582 tendi

942 1594 1045 1627 videt
1070 1596 1125 1635 55,
1153 1597 1192 1626 11
1220 1594 1266 1626 ad
1292 1595 1440 1627 Troiam
1465 1605 1529 1628 ve-

942 1640 1058 1679 niunt,
1074 1640 1186 1671 urbem
1200 1641 1434 1681 inyrediuntur
1446 1641 1479 1680 5,
1491 1641 1531 1672 17

942 1689 975 1716 et
1000 1686 1048 1715 itu
1075 1685 1120 1716 ad
1139 1683 1286 1716 Troiam
1304 1685 1398 1717 redit
1415 1685 1468 1724 69,
1486 1685 1530 1716 24

943 1728 988 1760 ad
1013 1729 1156 1760 Troiam
1183 1732 1269 1761 eunt
1293 1730 1347 1768 94,
1374 1730 1394 1761 9

922 1773 1056 1805 addere
1090 1773 1251 1815 aliquem
1283 1773 1531 1806 adiumentum

921 1862 1094 1904 adempta
1120 1862 1209 1904 fuga
1234 1863 1288 1903 76,
1314 1864 1334 1894 5

921 1907 1075 1939 adfabre
1137 1910 1349 1949 compactus
1416 1917 1531 1950 equus

943 1954 997 1991 95,
1025 1953 1066 1984 32

922 1996 1093 2029 adfinitas
1125 1997 1271 2038 generis
1301 1999 1333 2038 8,
1362 1998 1402 2029 10
1427 1998 1483 2037 21,
1509 1998 1529 2029 2

944 2041 1145 2074 adfinitatis
1171 2042 1302 2083 pignus
1328 2043 1382 2081 21,
1410 2043 1430 2074 9
1456 2052 1528 2074 me-

944 2087 1049 2118 ritum
1076 2087 1130 2126 81,
1155 2088 1174 2119 6
1206 2087 1263 2118 ius
1287 2087 1341 2126 85,
1361 2087 1404 2119 29
1434 2087 1491 2127 87,
1510 2089 1531 2119 5

921 2131 1102 2163 adflictari
1127 2130 1250 2164 dolore
1276 2133 1329 2171 20,
1348 2132 1390 2163 33
1416 2132 1470 2170 23,
1488 2132 1531 2163 33

922 2175 1094 2208 adhibere
1120 2185 1242 2208 curam
1265 2175 1408 2208 vulneri
1431 2177 1486 2215 24,
1509 2177 1530 2208 5

943 2221 1123 2253 rationem
1150 2220 1282 2252 futuris
1306 2221 1360 2259 89,
1380 2221 1399 2252 6
1426 2219 1532 2252 finem

943 2267 996 2305 93,
1025 2267 1063 2297 11
1092 2275 1221 2308 preces
1245 2267 1302 2302 94,
1330 2266 1370 2297 17
1402 2264 1531 2297 volun·

942 2314 1056 2343 tatem
1082 2311 1233 2352 negotio
1257 2311 1312 2349 48,
1337 2311 1379 2342 29
