1621 2550
398 106 547 138 BELLI
571 105 770 138 TROIANI
794 106 887 140 LIB.
914 107 977 138 111.
1272 108 1323 149 51

164 204 254 247 LII.
303 204 442 259 Igitur
469 203 658 245 Achilles
687 203 926 257 praesentia
962 204 1110 245 talium
1141 206 1327 247 virorum

0 262 6 274 ”
52 261 248 316 precibus
276 259 550 302 familiarium
589 273 637 300 ac
675 258 967 300 recordatione
1013 259 1177 300 innoxii
1216 275 1328 302 exer-

0 343 2 347 >
54 317 162 358 citus
191 315 363 358 tandem
384 315 516 356 flexus
547 314 598 356 ad
619 317 880 368 postremum
901 315 1111 356 facturum
1142 329 1198 369 se,
1221 331 1327 370 quac

52 371 223 425 vellent,
253 370 483 426 respondit.
535 370 633 412 dein
663 370 835 412 hortatu
857 371 1000 412 Aiacis
1030 375 1120 411 tum
1144 372 1326 425 primum

50 429 149 482 post
183 427 339 468 malam
384 426 644 468 iracundiam
685 426 856 467 Graecis
904 427 1060 467 mixtus
1105 427 1327 468 eonsilium

0 498 4 522 :
50 482 289 538 ingreditur
317 484 445 536 atque
483 482 536 523 ab
568 484 891 536 Agamemnone
926 482 1044 536 regio
1075 497 1191 523 more
1222 483 1329 523 salu-

50 541 177 580 tatur.
236 539 400 580 interea
437 537 610 592 reliquis
659 538 834 579 ducibus
872 537 1063 579 favorem
1101 538 1329 579 attollenti-

50 595 130 636 bus
158 594 314 650 gaudio
345 594 591 647 laetitiaque
614 597 767 634 cuncta
797 593 1008 647 completa
1037 597 1147 635 sunt.
1198 594 1331 648 igitur

52 652 91 691 A
122 664 350 691 amemnon
387 664 558 690 manum
600 648 779 690 Achillis
823 652 1039 690 retentans
1077 664 1256 703 eumque
1287 653 1328 690 et

52 663 238 760 reliquos
285 705 410 746 duces
454 704 506 745 ad
552 718 699 745 cenam
748 704 934 745 deducit:
983 719 1030 745 ac
1067 705 1194 758 paulo
1233 709 1329 758 post
1349 718 1380 740 10

51 761 164 802 inter
193 760 359 814 epulas,
392 773 486 800 cum
518 759 617 801 laeti
647 760 760 800 inter
789 774 832 800 se
863 760 1117 813 invitarent,
1148 775 1221 801 rex
1252 760 1326 801 Pa-

49 816 230 858 troclum
260 816 460 870 quaesiit,
492 818 539 856 ut
569 815 900 869 Hippodamiam
931 830 1024 856 cum
1055 816 1328 867 ornamentis,

49 886 158 927 quae
189 871 378 925 dederat,
411 871 463 912 ad
501 871 687 913 tentoria
716 870 897 912 Achillis
928 870 1170 913 deduceret:
1210 872 1328 925 isque

49 927 186 969 libens
215 927 415 969 mandata
452 927 594 968 efficit.
654 930 839 968 ceterum
870 941 946 981 per
975 927 1017 968 id
1047 930 1213 981 tempus
1243 927 1328 968 hie-

49 983 129 1024 mis
172 997 296 1037 saepe
335 983 484 1024 Graeci
529 986 656 1037 atque
702 982 875 1024 Troiani
931 983 1088 1038 singuli
1133 983 1326 1036 pluresve
1348 994 1378 1017 1⁵

50 1042 97 1080 ut
132 1038 220 1081 fors
265 1041 464 1080 evenerat
507 1039 619 1079 inter
665 1053 708 1079 se
747 1039 837 1079 sine
877 1039 963 1080 ullo
996 1042 1109 1080 metu
1151 1039 1194 1079 in
1232 1038 1326 1079 luco

50 1094 303 1149 Thymbraei
334 1094 548 1148 Apollinis
580 1095 878 1136 miscebantur.

412 1352 614 1399 LIBER
650 1351 962 1400 TERTIUS.

161 1493 193 1536 I.
253 1494 428 1537 Interim
460 1510 536 1550 per
566 1498 699 1536 totam
731 1495 913 1536 hiemem
953 1495 1083 1536 dilato
1122 1494 1326 1535 conditio-

46 1550 173 1592 nibus
209 1551 255 1591 in
283 1554 450 1605 tempus
490 1551 601 1592 bello
635 1551 785 1592 Graeci
816 1554 986 1603 cuncta,
1027 1564 1133 1604 quae
1174 1550 1218 1590 in
1249 1550 1325 1591 tali

51 1606 139 1648 otio
170 1606 324 1647 militia
355 1607 629 1661 exposcebat,
669 1607 821 1648 intenti
861 1607 1003 1647 animo
1035 1606 1209 1647 summis
1240 1608 1325 1646 stu·
1344 1617 1376 1641 20

47 1661 127 1703 diis
157 1661 430 1704 festinabant.
490 1676 672 1716 namque
711 1677 789 1716 pro
827 1662 938 1703 vallo
970 1661 1197 1702 multitudo
1235 1661 1325 1701 uni-

47 1731 168 1759 versa
204 1718 330 1759 variis
367 1717 553 1759 bellandi
590 1717 817 1772 generibus
863 1732 938 1771 per
968 1718 1093 1758 duces
1128 1716 1327 1770 populos-

47 1787 129 1828 que
159 1773 368 1815 instructa
397 1777 440 1815 et
469 1773 523 1815 ob
561 1773 604 1814 id
635 1787 751 1814 more
783 1774 944 1827 optimo
975 1772 1151 1813 diversis
1182 1772 1234 1813 ad
1265 1773 1326 1813 of-

47 1829 144 1871 ficia
174 1830 519 1884 suaquibusque,
551 1829 651 1870 hinc
672 1829 820 1870 iaculis
840 1829 1057 1870 hastarum
1081 1829 1169 1869 vice
1199 1828 1325 1869 fabri-

47 1885 151 1927 catis
202 1900 340 1940 neque
378 1885 564 1940 pondere
601 1889 675 1926 aut
719 1899 917 1926 mensura
964 1885 1236 1926 inferioribus
1283 1888 1325 1925 et
1343 1896 1375 1919 2⁵

48 1941 201 1995 quibus
231 1956 281 1983 ea
309 1956 398 1983 non
429 1945 551 1983 erant
587 1941 794 1995 praeustis
824 1941 1017 1994 sudibus,
1049 1940 1167 1981 illinc
1197 1939 1324 1994 sagit-

46 1997 101 2038 tis
131 1999 340 2038 certantes
370 1997 482 2038 inter
511 2011 554 2038 se
584 1997 766 2038 invicem
795 1997 847 2038 ad
876 1997 1058 2038 multum
1079 1996 1190 2037 diem
1211 2009 1326 2036 exer-

48 2067 161 2104 cere,
209 2053 281 2094 alii
339 2053 449 2094 saxis
502 2053 741 2094 utebantur.
807 2052 878 2093 sed
923 2053 1034 2094 inter
1082 2051 1324 2107 sagittarios

47 2109 228 2150 maxime
267 2109 486 2150 anteibant
535 2107 678 2150 Ulixes
732 2107 891 2149 Teucer
935 2108 1145 2150 Meriones
1191 2107 1324 2161 Epios

140 2268 178 2298 11
205 2266 356 2299 laeticia
375 2267 403 2299 G
420 2268 506 2305 (cres
531 2268 662 2298 ultimae
687 2269 820 2299 litterae
844 2268 920 2306 fere
944 2268 1096 2307 deletae).
1168 2268 1210 2298 25
1237 2276 1320 2307 pon-

48 2310 144 2343 deris
169 2316 232 2344 ant
258 2321 447 2344 mensurae
475 2311 536 2343 GB
585 2311 744 2353 pondere
771 2316 807 2344 et
831 2322 1000 2344 mensura
1027 2313 1066 2345 P.
