1621 2550
203 88 257 129 58
613 89 786 122 DICTYS
813 90 1078 123 CRETENSIS

205 189 457 242 Agapenor,
498 187 604 228 alter
640 187 930 229 Echinadibus
967 189 1216 243 imperator,
1254 191 1483 244 Agapenor

205 243 423 284 Arcadiae.
484 243 596 284 inter
626 258 733 297 quae
763 247 851 285 tam
889 244 1014 285 foeda
1049 248 1169 286 tanta
1205 222 1483 286 inclinatione

203 313 345 339 rerum
383 298 603 339 Patroclus
644 299 860 341 fortunam
898 300 1001 341 belli
1038 301 1206 342 vincere
1245 314 1481 356 aggressus,

204 354 305 394 dum
354 354 550 395 hortatur
598 369 696 396 suos
746 356 871 396 simul
919 359 1045 410 atque
1101 357 1232 397 instat
1271 337 1482 401 Dhostibus

173 410 468 463 5promptiore
508 425 634 464 quam
673 411 859 452 bellandi
897 426 989 452 mos
1021 414 1105 464 est,
1143 412 1228 453 telo
1258 411 1482 475 Euphorbi

205 466 312 506 ictus
347 466 450 506 ruit:
490 467 717 519 statimque
754 466 915 507 Hector
952 466 1156 508 advolans
1195 468 1397 521 opprimit
1434 481 1481 508 ac

205 520 383 574 desuper
414 522 659 562 vulneribus
679 522 824 562 multis
854 521 982 563 fodit:
1014 536 1195 575 moxque
1217 523 1393 564 enititur
1412 523 1483 564 ab·

204 578 392 617 strahere
423 577 599 639 proelio,
631 577 793 618 scilicet
822 577 1050 619 insolentia
1073 578 1212 632 gentis
1243 593 1343 619 suae
1374 578 1483 619 inlu-

206 632 302 672 dere
340 633 513 685 cupiens
558 647 634 686 per
671 634 868 674 universa
909 647 1065 688 genera
1104 633 1482 675 dehonestamenti.

155 700 188 724 10
207 688 320 741 quod
357 688 430 728 ubi
467 688 590 729 Aiaci
629 690 847 744 cognitum
892 691 974 742 est,
1021 689 1169 730 relicto
1210 690 1283 730 ubi
1320 703 1484 744 pugna-

204 746 323 784 verat
360 758 538 797 propere
577 745 779 798 accurrit,
819 745 986 799 iamque
1018 745 1179 799 eripere
1210 746 1387 786 cadaver
1417 760 1481 787 00-

205 799 433 853 cipientem
470 801 694 854 proturbat
738 801 871 842 hasta.
951 801 1121 842 interim
1167 801 1425 864 Euphorbus
1460 815 1483 842 a

204 854 399 896 Menelao
438 858 480 896 et
509 856 639 897 Aiace
677 856 809 897 altero
849 871 1013 897 summo
1053 856 1192 897 studio
1225 857 1484 898 circumven-

203 913 271 950 tus
311 911 471 951 scilicet
507 914 654 952 auctor
689 912 934 965 interempti
971 912 1088 953 ducis
1140 916 1275 954 morte
1324 927 1483 966 poenas

155 976 186 1001 ιο
204 965 295 1007 luit
348 966 498 1007 deinde
537 967 771 1020 occipiente
810 982 985 1021 vespera
1021 968 1230 1022 proelium
1269 968 1483 1009 dirimitur

204 1022 312 1062 male
343 1025 385 1062 et
406 1036 501 1063 cum
523 1022 724 1064 dedecore
745 1023 938 1077 plurimis
959 1027 1204 1065 nostrorum
1228 1024 1481 1065 interfectis.

317 1077 390 1118 XI.
451 1077 531 1120 Sed
561 1081 787 1133 postquam
824 1080 1021 1120 reductae
1056 1080 1270 1133 utrimque
1301 1080 1410 1121 acies
1441 1083 1482 1120 et

204 1134 288 1174 iam
320 1133 365 1174 in
401 1136 494 1175 tuto
533 1134 654 1175 miles
684 1138 829 1176 noster
867 1138 975 1189 erat,
1015 1136 1156 1176 cuncti
1187 1149 1306 1190 reges
1338 1135 1483 1176 Achil-

204 1190 287 1230 lem
329 1191 591 1231 conveniunt
649 1190 934 1232 deformatum
984 1191 1068 1232 iam
1121 1191 1304 1232 lacrimis
1358 1195 1484 1245 atque

154 1255 187 1281 20
206 1245 322 1286 omni
366 1245 574 1299 supplicio
619 1246 898 1288 lamentandi:
955 1247 1028 1299 qui
1075 1246 1201 1288 modo
1248 1250 1484 1300 prostratus

206 1301 343 1354 humi,
383 1315 497 1342 nunc
536 1301 729 1342 cadaveri
766 1303 1035 1356 superiacens
1084 1302 1187 1343 adeo
1226 1303 1487 1356 reliquorum

205 1357 368 1398 animos
399 1360 775 1410 pertemptaverat,
807 1360 855 1398 ut
885 1358 994 1398 Aiax
1026 1359 1173 1411 etiam,
1215 1359 1288 1412 qui
1319 1358 1484 1399 solandi

205 1426 330 1453 causa
350 1412 583 1465 adstiterat,
614 1413 723 1454 nihil
753 1414 886 1454 luctui
910 1413 1163 1455 remitteret:
1194 1428 1274 1455 nec
1295 1414 1482 1456 Patrocli

204 1470 372 1509 tantum
402 1483 516 1510 mors
547 1470 753 1523 gemitum
783 1470 904 1510 illum
936 1470 1098 1510 cunctis
1129 1470 1382 1523 incusserat,
1414 1469 1486 1511 sed

155 1536 188 1561 25
206 1524 432 1578 praecipue
462 1525 699 1566 recordatio
722 1525 946 1566 vulnerum
976 1540 1051 1579 per
1081 1525 1173 1567 loca
1195 1526 1385 1580 corporis
1409 1541 1488 1579 pu—

207 1580 411 1621 dibunda:
459 1581 572 1634 quod
610 1581 850 1635 exemplum
894 1582 1125 1635 pessimum
1162 1596 1237 1635 per
1283 1581 1485 1623 mortales

205 1638 297 1676 tum
327 1637 511 1689 primum
541 1637 756 1690 proditum
787 1640 850 1678 est
888 1652 1121 1691 numquam
1153 1640 1278 1679 antea
1306 1652 1332 1678 a
1361 1637 1488 1679 Grae-

206 1691 265 1732 cis
296 1691 480 1733 solitum.
531 1692 664 1746 igitur
693 1706 814 1747 reges
834 1693 978 1733 multis
1000 1693 1196 1746 precibus
1220 1696 1346 1747 atque
1370 1694 1487 1734 omni

207 1747 512 1789 consolationis
549 1748 676 1789 modo
715 1748 887 1789 tandem
921 1748 1132 1790 Achillem
1169 1749 1324 1790 flexum
1355 1749 1486 1790 humo

155 1815 188 1840 30
207 1803 391 1858 erigunt.
443 1803 541 1844 dein
561 1803 750 1845 Patrocli
781 1818 933 1858 corpus
963 1805 1124 1846 elutum
1145 1819 1243 1846 mox
1274 1808 1390 1846 veste
1411 1805 1488 1846 cir-

207 1860 464 1914 cumtegitui
494 1860 675 1901 maxime
697 1860 750 1901 ob
781 1860 965 1914 tegenda
986 1861 1174 1914 vulner,a
1206 1875 1313 1924 quae
1344 1861 1485 1902 multi-

205 1915 341 1956 modis
388 1930 593 1969 impressa
639 1915 751 1957 haud
797 1916 887 1957 sine
932 1930 1088 1971 magno
1136 1917 1298 1972 gemitu
1347 1931 1489 1958 cerne·

208 1972 374 2012 bantur.

319 2026 415 2068 XII.
475 2027 553 2068 His
601 2028 705 2069 actis
751 2030 916 2080 monet,
970 2029 1033 2069 uti
1080 2029 1274 2070 custodes
1320 2028 1487 2069 viorilias

155 2094 188 2120 35
206 2096 330 2137 agere
370 2086 585 2137 curarent,
616 2098 669 2124 ne
704 2098 787 2137 qua
825 2083 968 2125 hostes
999 2083 1178 2125 detentis
1211 2085 1319 2126 circa
1359 2065 1488 2125 ipanus

299 2255 311 2283 1
342 2253 608 2285 hechinadibus
636 2253 698 2285 ΕΒ
791 2255 811 2285 5
839 2256 1036 2295 promptior
1064 2254 1093 2284 Ρ
1117 2252 1121 2294 Ι
1151 2254 1292 2286 011(οιϋί
1328 2253 1354 2285 G
1450 2255 1488 2285 13

208 2307 344 2330 summo
373 2309 433 2329 om.
462 2298 523 2330 GB
548 2298 645 2330 habet
672 2299 703 2329 P
792 2300 836 2331 ‘20
861 2299 1015 2340 suplicio
1044 2299 1082 2331 G.
