1621 2550
471 98 618 131 BELLI
641 97 843 130 TROIANI
867 98 959 133 LIB.
985 98 1046 132 1v.
1342 99 1395 140 75

117 196 343 251 Corython
363 197 416 238 ab
436 195 678 249 Idomeneo,
707 196 760 237 ab
782 196 912 237 Aiace
943 195 1052 238 Oilei
1082 196 1270 238 Ilioneus
1300 211 1394 238 cum

117 251 366 305 Philenore,
404 251 590 305 itemque
626 251 812 293 Telestes
851 266 876 292 a
913 251 1138 304 Diomede,
1177 253 1230 293 ab
1271 253 1395 293 Aiace

120 308 255 350 altero
293 307 560 361 Antiphonus
596 308 771 363 Agavus
806 307 1010 362 Agathou
1049 311 1176 362 atque
1211 307 1395 349 Glaucus

119 366 163 405 et
190 363 244 404 ab
273 363 441 404 Achille
470 365 776 417 Asteropaeus:
807 377 944 417 neque
975 363 1091 416 prius
1121 363 1218 404 finis
1248 363 1396 415 factus,

118 433 247 473 quarn
277 419 461 460 Graecos
492 419 618 460 saties
649 422 691 460 et
728 418 779 459 ad
817 421 1078 472 postremum
1108 419 1304 473 fatigatio
1335 419 1396 459 in·
1415 433 1431 455 ι’»

116 474 257 516 cessit.

232 529 349 572 VIII.
400 531 459 571 At
489 531 561 571 ubi
592 532 644 572 ab
667 531 823 572 nostris
854 530 899 571 in
929 532 1065 571 castra
1089 544 1298 571 recessum
1321 532 1396 581 est,

119 585 238 627 missi
267 586 320 627 ab
347 585 555 639 Troianis
586 587 659 641 qui
688 589 884 649 peterent
913 600 1060 627 eorum
1099 586 1171 640 qui
1210 586 1255 626 in
1285 585 1397 626 bello

117 640 360 683 ceciderant
397 620 602 683 humaiidi
640 642 828 683 veniam:
868 641 1068 683 collectos
1099 656 1197 683 suos
1219 641 1398 695 quisque

120 697 212 752 igni
250 702 441 738 cremant
478 702 520 738 et
556 711 674 738 more
704 698 842 751 patrio
874 697 1086 751 sepeliunt
1125 711 1312 738 seorsum
1344 696 1397 737 ab
1418 710 1449 734 ιο

117 752 270 794 ceteris
301 756 486 794 cremato
508 752 749 806 Memnone,
781 755 899 794 cuius
929 753 1129 807 reliquias
1150 766 1281 793 urnae
1302 766 1401 793 con-

121 807 231 849 ditas
251 822 328 862 per
346 808 606 850 necessarios
627 809 739 864 regis
759 809 957 850 remisere
978 823 1024 849 1n
1044 808 1230 862 patrium
1251 807 1399 849 solum.

120 867 168 905 at
197 863 347 905 Graeci
378 864 541 905 lautum
579 865 687 906 bene
725 865 902 906 cadaver
932 863 1154 906 Antilochi
1194 864 1399 917 iustisque

119 919 244 961 factis
271 918 446 962 Nestori
483 919 659 961 tradunt
694 934 874 974 eumque
912 923 1054 973 orant,
1095 920 1225 961 ferret
1255 919 1397 960 animo

119 989 256 1029 aequo
286 975 484 1017 fortunae
514 975 698 1030 bellique
729 975 915 1017 adversa.
966 976 1027 1017 ita
1056 975 1108 1016 ad
1137 979 1398 1029 postremum
1418 988 1450 1014 15

120 1045 301 1085 corpora
329 1046 405 1072 sua
435 1032 613 1086 quisque
644 1035 840 1073 curantes
870 1032 970 1073 vino
1002 1034 1128 1085 atque
1159 1031 1295 1084 epulis
1326 1044 1402 1084 per

121 1087 298 1128 multam
328 1090 498 1129 noctem
529 1087 702 1129 Aiacem
740 1087 949 1141 simulque
977 1087 1176 1128 Achillen
1205 1086 1401 1127 laudibus

121 1142 337 1184 celebrant
366 1146 493 1196 atque
525 1142 577 1183 ad
608 1143 770 1184 caelum
800 1104 957 1185 ferlint.
1009 1146 1053 1184 at
1082 1141 1194 1196 apud
1218 1141 1400 1193 Troiam,

121 1198 195 1240 ubi
232 1198 399 1252 requies
436 1199 633 1240 funerum
675 1202 757 1252 est,
806 1213 894 1241 non
932 1199 1016 1239 iam
1062 1198 1189 1240 dolor
1219 1198 1265 1238 in
1303 1211 1401 1238 casu

121 1253 383 1307 Memnonis,
423 1254 496 1296 sed
525 1257 663 1296 metus
701 1269 889 1296 summae
919 1268 1059 1295 rerum
1091 1258 1133 1295 et
1163 1253 1399 1307 desperatio
1419 1267 1452 1292 20

122 1310 371 1363 incesserat,
410 1324 503 1351 cum
535 1310 636 1352 hinc
667 1309 924 1364 Sarpedonis
954 1310 1171 1362 interitus,
1210 1309 1308 1350 inde
1338 1323 1401 1350 se-

121 1369 221 1407 cuta
249 1366 377 1420 paulo
407 1369 505 1420 post
525 1366 722 1408 Hectoris
752 1366 890 1408 clades
921 1380 1015 1420 spes
1036 1366 1219 1419 reliquas
1250 1364 1402 1406 animis

121 1421 366 1463 abstulisset
394 1436 544 1476 neque,
576 1422 690 1476 quod
710 1425 972 1476 postremum
1002 1422 1047 1462 in
1069 1421 1297 1462 Memnone
1318 1420 1403 1461 for-

121 1481 229 1518 tuna
265 1477 498 1531 obtulerat,
546 1478 756 1532 reliquum
803 1479 887 1519 iam
927 1478 1137 1519 existeret.
1210 1477 1269 1517 ita
1305 1489 1404 1517 con-

123 1533 352 1574 fluentibus
390 1534 436 1574 in
465 1511 598 1575 u⁷num
634 1537 700 1575 tot
737 1534 922 1575 adversis
961 1548 1105 1575 curam
1135 1546 1304 1574 omnem
1335 1546 1402 1572 ex·
1421 1545 1454 1571 25

123 1588 325 1643 surgendi
355 1589 599 1631 omiserant.

235 1643 310 1685 IX.
361 1645 420 1686 At
449 1649 547 1699 post
566 1659 723 1699 paucos
754 1645 841 1686 dies
863 1645 1018 1687 Graeci
1048 1643 1244 1685 instructi
1276 1642 1403 1683 armis

125 1713 365 1754 processere
403 1701 448 1742 in
486 1715 682 1755 campum
721 1701 994 1753 lacessentes,
1030 1700 1066 1741 si
1096 1699 1320 1751 auderent,
1353 1697 1406 1738 ad

126 1755 371 1798 bellandum
400 1755 620 1798 Troianos
682 1757 776 1811 quis
806 1757 890 1798 dux
911 1754 1153 1797 Alexander
1183 1769 1279 1796 cum
1309 1732 1403 1794 'reli-

124 1812 220 1866 quis
239 1811 442 1854 fratribus
464 1813 643 1854 militem
665 1812 832 1854 ordinat
853 1815 980 1866 atque
1001 1811 1224 1853 adversum
1249 1810 1400 1864 pergit.
1421 1823 1454 1849 30

215 1937 280 1970 lx.
306 1936 432 1972 Malal,
461 1938 524 1969 164
550 1936 703 1970 Cedreu.
731 1938 759 1969 P
787 1938 862 1969 129.

219 2038 234 2068 1
263 2037 465 2078 chorythan
496 2037 542 2069 ad
567 2037 759 2070 idomenea
787 2037 849 2070 GB
879 2048 969 2070 corr.
997 2038 1028 2068 P
1124 2037 1143 2068 2
1175 2035 1338 2076 thyestes
1372 2036 1409 2065 et

125 2082 257 2113 addunt
279 2082 358 2114 libri
387 2087 466 2114 ante
491 2082 675 2122 Telestes,
707 2084 876 2125 expunxit
901 2082 1112 2114 Dederieleus
1215 2082 1235 2112 3
1262 2079 1407 2120 antipus

127 2126 206 2158 libr-i
228 2136 318 2159 corr.
345 2127 555 2159 Dedericlzus
638 2130 660 2159 4
685 2131 900 2169 asteropeus
927 2127 955 2159 G
1040 2128 1060 2158 5
1085 2125 1132 2158 ad
1157 2136 1220 2158 om.
1248 2127 1276 2159 G
1369 2124 1408 2154 19

131 2180 276 2203 cassum
302 2171 330 2203 G
376 2181 464 2203 casu
489 2172 522 2203 B
614 2173 657 2204 20
687 2182 805 2204 rerum
838 2176 875 2203 et
907 2171 983 2209 PV,
1022 2176 1059 2203 et
1097 2181 1159 2204 om.
1196 2169 1276 2203 GR.
1302 2169 1408 2199 malim

128 2218 247 2247 metus
273 2218 311 2247 et
334 2226 362 2247 s.
389 2227 414 2248 r.
440 2216 472 2248 d.
556 2218 596 2248 21
623 2217 790 2248 insecuta
807 2217 835 2248 B
918 2218 960 2248 23
986 2215 1081 2257 quod
1105 2226 1168 2247 om.
1188 2213 1250 2245 ΕΒ
1275 2213 1354 2244 add.
1380 2211 1412 2241 V

129 2263 242 2301 atque
259 2259 305 2292 ad
329 2265 549 2303 postremum
574 2261 607 2292 B
691 2263 736 2294 24
761 2261 928 2294 relictum
953 2261 1023 2292 iam
1052 2260 1210 2292 existere
1238 2258 1266 2290 G
1313 2266 1412 2288 rere-

130 2313 237 2345 qunm
262 2305 334 2336 iam
359 2305 409 2337 nil
435 2307 593 2338 existere
619 2305 652 2337 B
677 2311 825 2338 nostrum
855 2306 920 2337 VP
1009 2307 1051 2337 27
1077 2305 1156 2336 dies
1181 2313 1243 2336 om.
1271 2302 1309 2333 G.
