1621 2550
491 113 638 147 BELLI
663 113 861 147 TROIANI
889 114 978 146 Lm.
1003 114 1044 145 v.
1351 115 1406 157 99

123 213 256 256 tantis
285 212 618 276 tempestatibus
645 215 820 267 propter
855 213 1076 254 mulierem
1115 215 1275 268 experti
1313 230 1406 269 per-

123 269 320 324 pessique
357 271 515 323 essent,
555 268 716 323 primus
755 269 946 310 omnium
982 269 1163 311 interfici
1201 284 1292 311 eam
1323 271 1405 313 ius-

125 329 256 368 serat:
294 325 397 366 iam(
411 339 463 366 ue
496 324 831 379 adprobantibus
870 325 1095 366 consilium
1126 326 1269 367 Aiacis
1299 327 1405 368 mul-

123 381 179 423 tis
221 381 346 423 bonis
390 341 610 422 Menelaus
663 395 850 422 amorem
895 381 1084 436 coniugii
1133 381 1259 423 etiam
1302 385 1406 424 tunc

122 437 312 479 retinens
349 437 540 492 singulos
586 436 815 478 ambiundo
861 437 1105 491 orandoque
1152 437 1204 478 ad
1240 442 1437 492 postre-⁵

122 507 241 535 mum
269 492 524 548 perfecerat,
563 493 625 534 uti
656 493 888 534 intercessu
919 492 1058 535 Ulixis
1088 492 1253 534 Helena
1292 495 1404 536 inco—

123 548 249 591 lumis
289 549 369 591 sibi
406 549 654 591 traderetur.
715 549 857 604 itaque
896 549 959 591 uti
998 549 1153 591 iudicio
1184 550 1404 591 amborum

123 606 277 647 merita
306 608 588 660 expectantes,
620 606 714 660 quis
747 606 873 646 etiam
904 620 1017 647 nunc
1048 605 1206 647 bellum
1245 605 1290 646 in
1320 621 1405 647 ma-

123 661 250 703 nibus
287 664 414 716 atque
452 661 628 703 hostiles
665 660 823 702 multae
861 662 1058 703 nationes
1090 662 1406 716 circumstrepe-

123 720 232 770 rent,
262 717 382 759 nullo
412 717 567 759 dilectu
588 717 778 758 virorum
806 717 984 759 fortium
1005 718 1241 772 spretisque
1262 718 1405 759 Aiacis
1424 731 1455 755 10

124 773 307 829 egregiis
351 773 613 814 facinoribus
643 787 691 815 ac
729 772 953 827 frumenti,
986 774 1100 828 quod
1137 788 1188 815 ex
1226 773 1407 815 Thracia

123 830 370 883 advexerat,
401 843 478 884 per
507 832 644 871 totum
684 829 914 870 exercitum
951 829 1249 871 distributione
1288 829 1406 871 Ulixi

121 884 362 927 Palladium
391 885 578 927 tradunt.

107 950 111 954 ’
234 941 330 984 XV.
397 940 534 990 Quare
572 942 713 983 cuncti
751 941 875 982 duces
921 941 995 996 qui
1033 955 1241 983 memores
1276 942 1404 983 virtu-

123 1000 216 1039 tum
236 998 379 1039 Aiacis
409 998 517 1039 nihil
540 997 864 1052 praeferendum
893 997 930 1038 ei
962 1001 1214 1039 censuerant
1249 998 1404 1052 quique
1423 1009 1455 1034 15

123 1055 255 1096 secuti
298 1054 481 1117 gratiam
519 1053 637 1096 Ulixi
681 1054 1040 1117 impugnaverant
1082 1054 1212 1095 talem
1254 1054 1404 1107 virum,

122 1109 262 1151 studio
293 1125 339 1151 in
359 1113 500 1173 partes
522 1110 754 1152 discedunt.
812 1110 984 1151 inteiim
1011 1110 1121 1151 Aiax
1159 1109 1405 1165 indignatus

121 1167 164 1207 et
201 1166 255 1207 ob
294 1165 337 1207 id
374 1166 509 1208 victus
549 1166 694 1208 dolore
733 1166 864 1207 animi
907 1165 1049 1220 palam
1085 1169 1211 1219 atque
1247 1181 1293 1206 111
1333 1180 1404 1207 01e

121 1222 312 1263 omnium
345 1221 575 1264 vindictam
614 1237 657 1264 se
696 1222 903 1277 sanguine
945 1236 1110 1275 eorum,
1150 1237 1175 1263 a
1204 1222 1298 1276 quis
1329 1222 1404 1262 im-

182 1280 337 1333 gnatus
368 1281 496 1329 esset,
528 1282 775 1320 exacturum
805 1278 1040 1320 denuntiat.
1099 1279 1243 1332 itaque
1274 1292 1323 1319 ex
1355 1293 1402 1320 eo
1423 1290 1456 1316 20

120 1292 270 1376 Ulixes
327 1336 628 1398 Agamemnon
687 1349 734 1376 ac
780 1333 999 1375 Menelaus
1057 1334 1291 1376 custodiam
1340 1334 1406 1375 sui

121 1403 277 1446 augere
316 1393 358 1432 et
396 1405 480 1445 quo
517 1391 696 1432 tutiores
734 1393 894 1443 essent,
932 1405 1098 1431 summa
1134 1404 1213 1444 ope
1251 1390 1406 1445 invigi-

122 1445 224 1488 lare.
275 1449 321 1488 at
351 1447 424 1488 ubi
454 1461 540 1489 nox
571 1447 715 1488 aderat
746 1446 1007 1487 discedent-es
1039 1461 1124 1488 uno
1157 1460 1228 1488 ore
1258 1460 1406 1487 omnes

120 1501 305 1544 lacerare
336 1506 562 1566 utrumque
593 1516 736 1558 regem
757 1517 896 1556 neque
925 1503 1136 1544 abstinere
1158 1501 1403 1556 maledictis,

121 1558 279 1614 quippe
316 1559 411 1613 quis
449 1559 585 1614 magis
622 1558 754 1600 libido
795 1558 1132 1613 desideriumque
1169 1559 1214 1599 in
1243 1558 1427 1599 femina
1422 1568 1455 1594 25

121 1629 248 1669 quam
280 1629 446 1658 summa
473 1616 649 1657 militiae
679 1615 848 1678 potiora
877 1615 1032 1656 forent.
1083 1617 1127 1656 at
1155 1614 1261 1656 lucis
1290 1615 1404 1677 prin-

121 1671 233 1725 cipio
264 1671 440 1712 Aiacem
470 1671 516 1714 111
546 1671 686 1713 medio
718 1671 954 1713 exanimem
986 1670 1208 1712 offendunt
1236 1670 1404 1724 perqui-

119 1729 344 1781 rentesque
382 1727 532 1769 mortis
569 1741 704 1783 genus
750 1727 1086 1768 animadveitere
1124 1726 1237 1767 ferro
1276 1726 1404 1768 inter-

119 1782 291 1825 fectum.
351 1783 449 1825 inde
489 1786 606 1825 ortus
643 1798 720 1838 per
756 1783 881 1824 duces
919 1786 1046 1838 atque
1078 1782 1308 1824 exercitum
1338 1785 1402 1823 tu-

120 1839 280 1882 multus
310 1839 464 1895 ingens
485 1854 533 1882 ac
563 1840 661 1882 <lein
682 1839 833 1881 seditio
860 1840 978 1881 brevi
998 1839 1155 1893 adulta,
1187 1853 1282 1880 cum
1303 1844 1453 1879 anteco

119 1896 206 1937 iam
246 1895 503 1938 Palameden
550 1897 688 1937 virum
728 1895 843 1937 domi
889 1895 1086 1950 belloque
1130 1895 1402 1949 prudentissi-

120 1966 238 1994 mum
283 1966 397 1993 nunc
436 1952 631 2006 Aiacem,
678 1951 875 1993 inclitum
916 1954 983 1993 tot
1027 1951 1209 2007 egregiis
1246 1951 1402 2014 pugnis

121 2010 248 2062 atque
285 2010 487 2062 utrosque
533 2008 699 2049 insidiis
745 2023 892 2050 eorum
940 2008 1249 2050 circumventos
1287 2008 1403 2062 inge-

124 2067 370 2105 mescerent.
432 2064 486 2106 ob
517 2079 624 2119 quae
655 2063 886 2119 supradicti
916 2078 1037 2120 reges
1067 2064 1204 2117 veriti,
1235 2078 1289 2104 ne
1320 2077 1404 2118 qua

119 2120 184 2161 vis
225 2121 277 2161 ab
316 2121 502 2162 exercitu
539 2124 780 2175 pararetur,
824 2121 941 2162 intus
987 2120 1119 2162 clausi
1156 2119 1396 2174 firmatique
1414 2129 1448 2155 35

119 2191 195 2231 per
233 2177 495 2219 necessarios
533 2180 720 2219 manent.
786 2176 958 2218 interim
995 2176 1302 2231 Neoptolemus
1334 2175 1403 2217 ad-

212 2337 254 2368 10
279 2336 485 2378 preciisque
514 2336 575 2370 GE·
612 2337 746 2379 spretis
771 2337 803 2368 P
895 2338 932 2368 11
960 2339 1016 2369 tot
1042 2335 1202 2378 egregiis
1228 2336 1265 2367 P.

1153 2400 1199 2434 ⁷·
