1621 2550
139 113 220 143 XIV

138 204 380 256 Artopoeus
401 200 679 256 Argentorati
705 198 812 240 1691
836 198 874 250 8,
906 198 974 238 cui
994 196 1177 239 indicem
1197 198 1421 240 latinitatis

139 261 181 300 et
209 272 352 299 rerum
382 257 546 310 adiecit,
578 255 760 308 denique
781 253 1212 295 Amstelaedamensis
1242 268 1278 296 a.
1314 255 1422 296 1702

137 315 165 355 4
195 329 323 369 quam
351 313 455 354 fecit
474 311 578 353 Lud.
602 310 741 352 Smids
771 323 868 350 cum
897 309 1249 363 interpretatione
1269 310 1422 351 Annae

137 369 364 422 Daceriae,
404 382 531 422 quam
570 367 644 408 illa
681 366 930 420 vulgaverat
966 365 1012 406 in
1054 380 1179 406 usum
1215 365 1423 420 Delphini

142 426 261 467 1680.
321 423 480 465 Addita
519 429 582 464 est
611 437 700 464 non
738 421 876 463 solum
913 421 1058 462 Iacobi
1087 420 1302 463 Perizonii
1339 421 1420 462 dis-

139 480 312 523 sertatio
359 480 409 521 de
453 479 633 520 historia
676 477 777 519 belli
823 477 999 518 Troiani
1048 479 1126 518 etc.
1176 477 1249 518 sed
1293 477 1420 518 etiam

138 536 302 578 nummi
341 538 384 577 et
421 549 612 590 gemmae
643 536 806 574 veteres
841 532 894 574 ad
931 532 1231 574 illustrandum
1260 532 1420 587 Dictyn

140 596 183 634 et
220 592 346 633 index
386 591 575 632 omnium
614 591 826 644 quotquot
862 589 1064 643 leguntur
1092 588 1257 642 Dictyis
1295 603 1420 630 voca-

139 648 350 690 bulorum.

252 702 497 745 Novissima
527 701 657 743 editio
689 701 848 755 prodiit
873 699 1053 741 Bonnae
1095 700 1203 741 1833
1234 700 1259 741 8
1289 699 1425 741 Dede-

140 759 248 801 richi
280 773 409 813 opera
444 761 487 800 et
527 757 689 810 studiis,
728 757 801 811 qui
832 755 882 797 de
920 756 1184 797 restituendo
1224 759 1267 797 et
1295 756 1425 797 inter-

140 815 346 870 pretando
377 815 581 868 scriptore
613 813 771 867 optime
801 812 976 853 meritus
998 814 1074 852 est.
1124 811 1331 853 Additum
1361 814 1426 853 est

142 871 405 913 Glossarium
444 869 801 924 Septiminianum
847 871 888 909 et
928 867 1256 909 Observationes
1292 867 1426 909 histo-

140 928 252 968 ricae
262 960 273 980 7
311 929 535 980 utrumque
573 940 662 966 non
692 924 857 966 minore
888 938 983 964 cum
1013 923 1223 964 industria
1252 923 1426 976 factum,

142 997 269 1037 quam
299 981 484 1034 Indices,
523 995 629 1035 quos
660 980 750 1034 ipse
781 980 826 1020 in
855 979 1064 1020 faciendis
1094 978 1304 1020 indicibus
1335 978 1429 1020 dili-

142 1042 293 1095 genter
321 1038 534 1092 inquisivi.

256 1095 347 1135 Iam
368 1108 467 1136 vero
499 1095 641 1142 restat,
674 1094 722 1132 ut
751 1092 802 1133 iis
833 1092 907 1146 qui
936 1091 981 1132 in
1003 1090 1165 1132 edendo
1196 1090 1278 1132 hoc
1298 1090 1427 1144 scrip-

142 1154 234 1192 tore
265 1164 332 1191 me
355 1150 619 1202 adiuverunt,
651 1148 809 1203 gratias
831 1161 955 1202 agam
975 1147 1192 1200 maximas,
1213 1147 1259 1187 in
1278 1147 1428 1200 primis

143 1209 285 1248 autem
327 1207 419 1247 viro
471 1205 714 1247 doctissimo
759 1207 800 1245 et
837 1203 1144 1245 humanissimo
1184 1202 1426 1244 Eduardo

144 1262 490 1314 Woelfflino,
531 1261 603 1315 qui
642 1261 859 1315 egregiam
889 1260 1160 1301 collationem
1191 1258 1294 1301 Cod.
1326 1257 1430 1300 San-

144 1319 346 1374 gallensis
377 1317 481 1359 mihi
512 1332 601 1359 non
639 1316 765 1358 modo
797 1316 1080 1370 comparavit,
1125 1315 1197 1356 sed
1229 1328 1279 1355 ex
1308 1316 1429 1368 parte

145 1374 313 1429 quidem
346 1374 432 1415 suis
463 1373 659 1414 manibus
688 1372 856 1427 scripsit
886 1373 941 1413 et.
957 1371 1212 1412 amicissimo
1241 1370 1429 1426 collegae

144 1445 239 1471 meo
270 1429 501 1471 Rudolfo
533 1429 777 1483 Peipero‚
808 1428 882 1482 qui
913 1427 1152 1482 complures
1187 1427 1304 1468 locos
1333 1440 1429 1468 acu-

144 1486 302 1528 tissime
335 1489 376 1527 et
406 1485 718 1540 elegantissime
750 1484 1002 1525 emendavit.
