1621 2550
474 105 623 138 BELLI
647 104 848 138 TROIANI
872 105 964 138 LIB.
990 105 1049 139 VI.
1331 105 1410 147 105

132 205 262 261 vigat.
327 205 389 246 ibi
428 204 564 246 multa
608 203 831 245 adversum
877 202 1070 245 Orestem
1115 205 1307 246 molitur:
1357 207 1410 248 ad

130 264 392 316 postremum
412 259 686 302 multitudine
716 259 987 314 popularium
1026 259 1238 302 cohibitus
1276 262 1328 302 ab
1359 277 1408 303 eo

160 317 246 359 uod
274 319 471 371 coeperat
499 316 675 371 negotio
706 315 875 357 restitit.
938 315 1035 357 inde
1074 316 1212 370 placet
1248 319 1410 359 cunctis

131 331 325 416 grestem
346 387 473 427 super
502 386 552 414 eo
579 372 769 413 facinore
790 385 957 412 causam
980 371 1117 413 dicere
1147 373 1259 426 apud
1280 373 1410 415 Athe-

129 429 320 483 nienses,
357 428 431 470 ubi
467 428 816 483 Ariopagitarum
859 427 1058 469 iudicium
1097 429 1443 470 severissimum5

130 499 206 540 per
236 462 406 527 omiiem
428 484 647 526 Graeciam
668 483 1001 525 memorabatur:
1033 483 1144 538 apud
1167 499 1271 538 quos
1300 485 1411 526 dicta

131 554 257 583 causa
300 540 466 582 iuvenis
509 540 756 582 absolvitur.
815 539 1008 595 Erigona
1056 554 1164 594 quae
1203 555 1252 581 ex
1285 541 1411 595 Aegi-

130 597 227 639 stho
265 597 379 639 edita
417 601 526 650 erat,
572 597 645 638 ubi
684 596 857 637 fratrem
905 596 1146 637 absolutum
1185 596 1409 651 intellegit,

130 653 243 695 victa
273 653 418 695 dolore
449 652 663 694 inmodico
708 652 859 706 laqueo
899 652 1075 693 interiit.
1136 651 1410 694 Menestheus

131 709 356 750 liberatum
396 708 576 751 Oresten
612 707 828 762 parricidii
874 708 1050 749 crimine
1096 712 1408 763 purgatumque
1429 723 1461 748 10

129 778 248 807 more
286 765 426 819 patrio
465 764 628 806 cunctis
666 763 862 805 remediis
909 778 1015 818 quae
1055 764 1107 805 ad
1153 764 1412 806 oblivionem

131 819 375 862 huiusmodi
412 820 614 862 facinoris
651 819 844 861 adhiberi
876 820 1001 861 solita
1040 823 1180 871 erant,
1212 820 1412 875 Mycenas

129 876 330 919 remittit:
369 877 513 931 ibique
543 890 722 932 regnum
754 877 792 917 ei
823 890 1081 918 concessum.
1150 875 1247 917 dein
1277 880 1412 917 trans—

102 935 225 975 'acto
263 935 455 988 tempore
493 933 630 974 accitu
668 932 884 974 Idomenei
913 932 1080 974 Cretam
1112 933 1230 973 venit
1274 947 1411 986 neque

128 988 265 1030 multo
295 992 394 1043 post
414 988 652 1030 Menelaus:
684 989 743 1030 ibi
765 989 899 1030 multa
929 989 974 1029 in
1004 991 1202 1042 patruum
1234 989 1411 1030 saeviter
1430 1002 1464 1028 15

130 1059 208 1099 per
238 1059 333 1086 eum
364 1045 544 1100 ingesta,
576 1044 690 1099 quod
721 1044 801 1086 sibi
831 1059 907 1098 per
941 1044 1250 1086 dissensionem
1280 1059 1412 1098 popu-

130 1101 282 1142 larium
312 1101 574 1143 multimodis
604 1101 863 1155 periclitanti
903 1101 992 1154 ipse
1032 1101 1160 1141 etiam
1190 1101 1412 1141 insidiatus

129 1159 251 1198 esset.
311 1157 364 1198 ad
401 1159 664 1212 postremum
702 1157 934 1198 intercessu
971 1156 1188 1197 Idomenei
1235 1159 1412 1210 uterque

130 1212 381 1255 conciliatus
428 1213 508 1255 sibi
553 1212 873 1254 Lacedaemona
920 1212 1107 1254 discedit.
1181 1213 1239 1253 ibi
1271 1212 1413 1253 Mene-

131 1269 237 1322 laus,
268 1269 393 1311 sicuti
424 1271 694 1324 convenerat,
717 1268 995 1310 Hermionam
1027 1269 1072 1310 in
1092 1269 1411 1309 matrimonium
1429 1282 1463 1307 20

131 1323 271 1367 Oresti
301 1325 538 1380 despondit.

244 1381 296 1422 V.
357 1381 440 1423 Per
477 1382 587 1423 idem
626 1384 794 1435 tempus
825 1379 972 1422 Ulixes
1004 1379 1173 1422 Cretam
1211 1381 1412 1434 adpulsus

133 1440 198 1480 est
235 1437 397 1479 duabus
428 1437 692 1480 Phoenicum
729 1437 909 1478 navibus
947 1437 1150 1478 mercedis
1188 1440 1311 1490 pacto
1349 1451 1413 1478 ac-

134 1493 288 1548 ceptis:
318 1508 502 1549 namque
523 1508 620 1535 suas
641 1507 736 1535 cum
758 1493 882 1535 sociis
905 1496 1030 1547 atque
1062 1493 1270 1546 omnibus,
1303 1507 1411 1547 quae

133 1564 184 1592 ex
214 1549 343 1591 Troia
372 1549 591 1603 habuerat,
621 1564 698 1604 per
729 1549 814 1590 vim
835 1549 1078 1591 Telamonis
1109 1549 1307 1590 amiserat
1336 1549 1411 1590 sci·
1430 1559 1464 1586 25

133 1605 235 1647 licet
270 1605 416 1648 infesti
453 1607 507 1648 ob
545 1606 723 1647 inlatam
763 1620 839 1659 per
876 1620 972 1647 eum
1009 1605 1098 1646 filio
1137 1619 1302 1658 necem,
1341 1605 1413 1646 vix

109 1661 223 1716 ,ipse
253 1662 455 1703 liberatus
485 1662 695 1704 industria
724 1662 800 1703 sui.
861 1661 1215 1715 percontantique
1251 1661 1414 1702 Idome-

130 1732 226 1772 neo,
258 1718 411 1773 quibus
442 1732 492 1759 ex
523 1719 658 1760 causis
696 1718 742 1759 in
771 1720 911 1759 tantas
942 1717 1132 1758 miserias
1163 1717 1412 1771 devenisset,

133 1774 286 1816 erroris
315 1774 487 1816 initium
517 1788 689 1816 narrare
721 1774 895 1828 occipit:
934 1788 1017 1827 quo
1057 1777 1181 1827 pacto
1213 1773 1413 1827 adpulsus

130 1829 339 1872 Ismarum
383 1831 520 1872 multa
563 1829 662 1872 inde
707 1844 783 1884 per
826 1829 985 1871 bellum
1030 1830 1221 1884 quaesita
1258 1829 1464 1884 praedast>

130 1887 398 1942 navigaverit
441 1886 726 1941 adpulsusque
773 1885 825 1928 ad
867 1885 1143 1941 Lotophagos
1181 1889 1307 1940 atque
1345 1885 1414 1926 ad-

132 1957 255 1984 versa
291 1957 391 1985 usus
427 1943 602 1985 fortuna
639 1943 859 1984 devenerit
897 1943 942 1983 in
982 1943 1189 1984 Siciliam:
1229 1942 1301 1983 ubi
1339 1956 1414 1995 per

222 2101 254 2133 V
278 2101 406 2135 Malal.
434 2102 611 2134 145-154
636 2102 787 2137 Cedren.
814 2101 842 2133 P
870 2103 944 2134 132.

222 2239 243 2270 3
268 2237 413 2270 destitit
443 2237 509 2269 VP
604 2238 623 2269 7
650 2247 690 2268 ex
721 2247 892 2278 superse-r.
925 2247 980 2278 pr.
1013 2248 1052 2270 m.
1082 2237 1108 2269 G
1203 2238 1243 2268 15
1267 2236 1411 2268 saeuire

135 2281 198 2315 ΕΒ
228 2283 315 2315 unde
353 2293 479 2315 seuere
518 2282 582 2313 VP
617 2287 765 2314 nostrum
797 2282 924 2323 Peiper
1017 2283 1058 2314 17
1090 2282 1317 2324 periclitatus
1351 2280 1412 2311 GB

132 2337 225 2361 corr.
263 2327 330 2359 VP
430 2329 472 2360 27
499 2337 565 2359 sua
595 2327 659 2358 VP
750 2329 792 2360 30
818 2327 1034 2359 zismirnum
1062 2327 1123 2359 GB
1151 2331 1295 2359 nostrum
1323 2326 1361 2357 I’.
