1621 2550
484 100 632 134 BELLI
657 99 858 133 TROIANI
883 101 975 134 LIB.
1002 103 1050 134 11.
1349 104 1402 144 47

126 214 233 254 quae
270 199 510 253 anteposita
551 199 712 240 civitati
751 199 988 241 continenti
1027 200 1116 241 eius
1147 201 1403 257 adiungitur,

125 255 309 298 secunda
353 255 520 297 circiter
557 255 706 318 vigilia
742 255 786 296 in
843 269 958 297 essus
989 255 1195 298 Troianos
1235 271 1404 312 campos

124 311 416 366 explicitisque
467 311 665 353 tentoriis
720 311 831 352 ibie
810 325 875 352 em
930 311 1210 374 operiebatur.
1292 315 1404 367 quod

123 368 197 410 ubi
217 366 445 409 Diomedes
477 381 572 408 cum
596 365 733 420 Ulixe,
765 367 934 422 vigilias
964 368 1009 408 in
1041 382 1089 409 ea
1109 372 1228 422 parte
1259 383 1404 410 curan

122 427 186 466 tes
229 423 379 478 procul
425 422 779 476 animadvertere,
816 424 897 464 rati
935 422 1143 465 Troianos
1181 439 1205 465 a
1235 424 1441 468 Priam05

123 479 391 534 exploratum
425 479 575 521 missos
605 479 784 533 arreptis
813 480 940 520 armis
970 493 1069 521 mox
1096 494 1240 534 presso
1272 481 1404 535 gradu

124 535 594 590 circumspicientesque
632 535 776 576 omnia
811 538 996 590 pergunt
1034 535 1086 576 ad
1125 550 1220 577 eum
1251 536 1403 577 locum.

124 594 216 633 tum
247 591 437 647 fatigatis
469 605 520 633 ex
550 591 702 632 itinere
733 591 976 633 custodibus
1014 595 1056 633 et
1094 593 1147 633 ob
1182 591 1225 633 id
1255 606 1404 633 somno

122 647 277 702 pressis
307 661 462 701 eosque
493 650 535 688 et
564 647 742 688 interius
764 661 841 701 pro
874 649 978 689 ressi
1008 648 1054 689 in
1074 648 1178 702 ipsis
1208 648 1405 689 tentoriis

123 717 266 759 regem
290 703 570 744 interficiunt.
632 702 729 744 dein
758 661 874 744 nihii
906 704 1018 744 ultra
1055 703 1294 746 audendum
1325 704 1406 745 rati
1425 721 1458 746 10

124 773 294 801 currum
332 759 422 800 eius
461 762 502 800 et
541 772 636 800 cum
682 759 864 814 egregiis
909 759 1150 814 insignibus
1187 774 1317 814 equos
1355 759 1407 801 ad

122 829 254 857 naves
293 814 466 856 ducunt.
540 814 602 856 ita
639 815 850 869 reliquum
895 816 1033 857 noctis
1077 816 1123 856 in
1162 830 1248 857 suls
1296 816 1407 869 quis-

114 885 210 926 ,que
246 870 532 912 tabernaculis
569 871 880 925 requiescentes
918 872 1182 927 transigunt·
1228 874 1271 913 at
1301 871 1406 913 lucis

125 927 338 982 principio
382 926 569 981 reliquos
622 927 747 968 duces
791 928 1070 981 conveniunt,
1121 941 1192 969 eos
1241 928 1407 969 facinus

125 997 274 1025 ausum
305 983 603 1046 expletumque
635 983 802 1025 docent.
870 997 917 1025 ac
954 998 1053 1025 mox
1091 984 1175 1025 rati
1204 984 1406 1025 barbaros
1426 999 1459 1025 15

123 1039 320 1081 incensos
353 1038 478 1080 caede
508 1039 620 1094 regis
651 1039 766 1081 adire
803 1040 952 1081 iubent
985 1054 1131 1082 omnes
1161 1039 1405 1094 frequentes

123 1095 235 1150 apud
265 1110 384 1137 arma
413 1110 438 1136 a
469 1109 538 1136 ere
570 1096 811 1150 operirique
842 1095 1021 1138 hostem.

236 1151 389 1192 XLVI.
485 1165 590 1205 eque
620 1151 756 1193 multo
787 1155 886 1206 post
916 1151 1119 1206 Thraces,
1157 1151 1231 1193 ubi
1262 1166 1405 1206 exper-

123 1207 280 1263 gefacti
310 1221 332 1249 e
363 1221 513 1249 somno
534 1221 678 1263 regem
708 1208 1025 1262 interemptum,
1056 1207 1226 1249 foedam
1253 1208 1406 1249 faciem

123 1265 239 1305 intra
267 1263 454 1305 tentoria
474 1263 810 1305 animadvertere
842 1267 885 1305 et
904 1265 1086 1320 vestigia
1115 1263 1284 1305 abducti
1315 1278 1406 1306 cur·
1424 1279 1457 1304 20

122 1334 195 1361 rus
225 1318 452 1361 manifesta
482 1322 601 1373 sunt,
644 1320 801 1374 raptim
840 1334 886 1361 ac
924 1321 1014 1362 sine
1045 1320 1142 1361 ullis
1174 1319 1405 1373 ordinibus,

123 1379 172 1417 ut
201 1389 410 1430 quemque
447 1375 536 1417 fors
570 1375 924 1439 conglobaverat,
964 1377 1016 1417 ad
1053 1390 1183 1417 naves
1221 1376 1405 1417 evolant.

123 1431 276 1496 quibus
313 1431 463 1486 procul
500 1432 600 1473 visis
637 1432 775 1474 nostri
820 1432 1002 1473 conferti
1049 1433 1161 1473 inter
1197 1446 1240 1473 se
1279 1434 1405 1495 atque

123 1488 303 1542 imperia
340 1490 557 1530 servantes
589 1491 692 1530 eunt
722 1488 901 1530 obviam.
962 1487 1034 1529 sed
1064 1488 1216 1529 Aiaces
1247 1487 1329 1529 duo
1360 1488 1406 1528 in

124 1543 391 1598 aliquantum
420 1545 635 1600 progressi
665 1545 826 1599 primos
856 1544 1068 1586 Thracum
1106 1543 1315 1585 invadunt
1345 1546 1404 1585 at-
1423 1558 1456 1584 25

126 1613 207 1654 que
229 1600 489 1654 opprimunt.
542 1599 640 1641 dein
661 1600 814 1655 reliqui
835 1600 973 1654 duces,
996 1603 1043 1641 ut
1064 1601 1241 1654 quisque
1262 1599 1402 1641 locum

123 1659 305 1710 ceperat,
337 1656 509 1698 caedere
548 1656 740 1712 singulos
779 1659 822 1698 et
858 1657 930 1698 ubi
972 1656 1156 1698 conferti
1187 1658 1404 1709 steterant,

122 1712 214 1753 bini
252 1714 326 1753 aut
363 1711 545 1766 amplius
582 1712 831 1768 congregati
868 1712 1030 1766 impetu
1067 1726 1143 1753 suo
1175 1711 1405 1753 dissolvere

124 1782 173 1810 ac
201 1782 302 1810 mox
331 1768 542 1822 dispersos
580 1768 857 1823 palantesque
895 1768 1153 1820 interficere,
1184 1771 1233 1808 ut
1261 1767 1404 1808 nullus

122 1823 311 1879 reliquus
342 1823 480 1866 caedis
510 1825 641 1866 fieret.
701 1839 750 1866 ac
781 1824 925 1866 statim
957 1823 1060 1866 Grai
1096 1824 1293 1865 extinctis
1331 1823 1403 1878 qui
1423 1838 1456 1863 30

125 1880 351 1923 advorsum
381 1881 520 1922 ierant
549 1881 673 1936 signo
705 1880 803 1922 dato
835 1880 888 1922 ad
916 1880 1103 1922 tentoria
1138 1894 1285 1922 eorum
1314 1894 1405 1934 per-

124 1940 245 1992 gunt.
304 1939 349 1978 at
377 1936 453 1991 illi,
485 1937 558 1991 qui
581 1937 775 1979 custodes
806 1937 954 1979 castris
984 1936 1121 1978 relicti
1152 1936 1231 1978 soli
1262 1950 1404 1990 super-

127 1995 269 2047 erant,
308 1993 409 2033 visis
457 1996 606 2034 contra
643 1992 838 2035 hostibus
874 1996 1036 2035 terrore
1074 1993 1166 2047 ipso
1205 1992 1405 2033 miseran-

125 2049 224 2090 dum
273 2049 319 2090 in
371 2048 547 2090 modum
601 2049 831 2091 effeminati
889 2049 1087 2091 omnibus
1139 2048 1304 2090 omissis
1353 2047 1406 2089 ad

124 2104 294 2147 moenia
324 2104 592 2161 confugiunt.
653 2108 744 2147 tum
785 2106 971 2160 undique
1002 2119 1147 2147 versus
1185 2104 1322 2146 nostri
1352 2104 1405 2144 ir-
1423 2115 1457 2142 3⁵

217 2231 233 2262 1
266 2231 512 2273 antepositam
550 2230 742 2264 ciuitatem
781 2230 843 2263 GB
879 2241 970 2264 corr.
1003 2232 1035 2263 P
1137 2231 1178 2262 16
1209 2229 1310 2262 adire
1344 2228 1405 2261 GB

127 2274 238 2308 affore
271 2275 304 2307 V
378 2277 418 2308 21
445 2276 594 2318 rapiunt
621 2276 648 2308 G
734 2277 776 2308 25
803 2276 919 2309 aciem
944 2276 1127 2319 progressi
1150 2276 1186 2307 V
1259 2275 1300 2306 27
1327 2283 1405 2305 eoe-

124 2323 230 2362 perat
256 2320 284 2353 G
377 2321 419 2353 34
444 2321 587 2354 amissis
614 2321 650 2360 G,
677 2331 767 2354 corr.
798 2320 839 2352 V.
