1621 2550
182 121 236 162 26
596 122 768 156 Drc'rYs
794 123 1062 157 ORETENSIS

181 221 297 261 luere
318 223 578 275 paterentur.
626 222 706 263 hoc
722 223 847 264 modo
868 238 944 277 per
959 223 1276 265 miserationem
1298 228 1462 266 servata

182 277 342 320 civitas.
403 280 588 318 ceterum
626 278 765 332 regios
801 293 955 333 pueros
986 278 1123 321 Cobin
1161 282 1202 320 et
1232 279 1462 321 Corianum

181 347 411 387 eorumque
442 347 630 375 sororem
652 333 841 376 Glaucen
862 335 1155 389 expetentibus
1178 335 1349 377 Graecis
1380 339 1462 377 tra-

181 388 341 430 didere:
382 403 508 443 quam
545 390 683 431 nostri
713 391 834 432 Aiaci
875 392 928 432 ob
966 391 1096 432 fortia
1131 391 1245 432 facta
1275 392 1364 433 eius
1395 407 1462 433 ex-

148 458 163 482 5
183 447 347 499 ceptam
367 445 554 499 reliquae
575 445 755 499 praedae
776 446 1016 487 habendam
1037 446 1287 488 concedunt.
1323 462 1460 502 neque

180 501 316 542 multo
355 503 452 554 post
484 504 522 541 N
519 505 787 542 ecmclrz'enses
818 502 1028 555 supplices
1072 505 1115 543 et
1152 517 1247 543 cum
1277 517 1380 557 pace
1411 503 1462 544 ad

181 557 365 598 Graecos
405 557 665 598 conveniunt
703 557 932 598 amicitiam
974 560 1015 599 et
1046 558 1210 610 omnia,
1249 573 1357 612 quae
1388 559 1463 600 im-

179 613 462 667 peravissent
495 612 681 654 facturos
710 613 905 667 polliciti.
958 614 1052 667 quis
1082 613 1281 667 perfectis
1313 615 1464 656 Graeci

182 668 335 711 Cillam
365 669 554 723 aggressi
576 683 884 723 expugnavere.
929 684 1066 724 neque
1088 673 1231 711 tamen
1253 668 1463 723 Cor,onen

131 738 162 763 10
182 739 289 779 quae
327 724 440 765 haud
477 725 627 778 procul
667 727 831 779 aberat,
872 726 1148 781 contingunt,
1197 727 1241 767 in
1282 704 1464 780 gratiani

180 780 510 834 Aeandriorum,
543 782 614 835 qui
645 781 806 822 domini
838 782 1022 823 civitatis
1053 782 1141 823 eius
1163 782 1306 823 fideles
1337 785 1463 836 atque

183 837 426 878 amicissimi
457 837 581 878 nobis
612 837 664 878 ad
694 837 775 879 hoc
804 840 971 891 tempus
1001 841 1334 891 permanserant.

291 892 406 934 XIV.
456 892 616 934 Eadem
647 896 896 947 tempestate
930 894 1147 935 oraculum
1168 893 1313 947 Pythii
1335 893 1463 934 Grae—

182 948 240 989 cis
271 948 484 1002 perfertur
505 949 822 990 concedendum
843 950 894 990 ab
925 950 1132 1003 omnibus,
1165 950 1228 991 uti
1249 964 1324 1003 per
1344 949 1463 991 Pala-

130 1017 162 1043 15
181 1004 332 1045 meden
344 1004 538 1058 Apollini
550 1004 766 1047 Zminthio
784 1005 1035 1046 sacrificium
1051 1005 1339 1046 exhiberetur:
1357 1019 1464 1059 quae

180 1075 246 1101 res
276 1061 421 1101 multis
451 1063 572 1115 grata
594 1062 647 1102 ob
679 1060 930 1102 industriam
953 1064 995 1103 et
1015 1076 1202 1103 amorem
1223 1061 1316 1115 viri,
1339 1075 1464 1115 quem

179 1117 289 1158 circa
320 1130 488 1157 omnem
520 1117 750 1158 exercitum
781 1117 1028 1171 exhibebat,
1059 1117 1279 1159 nonnullis
1311 1118 1464 1158 ducum

179 1172 315 1214 dolori
353 1172 505 1213 fuerat.
567 1175 753 1214 ceterum
790 1173 1026 1215 immolatio
1065 1176 1236 1215 centum
1276 1173 1464 1214 victima-

177 1243 290 1281 rum,
330 1228 454 1270 sicuti
492 1228 754 1282 praedictum
798 1232 907 1283 erat,
953 1244 1029 1283 pro
1080 1232 1232 1271 cuncto
1279 1229 1464 1270 exercitu

127 1299 160 1323 20
179 1262 479 1338 exhibebatur,
518 1288 747 1338 praeeunte
786 1284 945 1339 Chryse
984 1285 1066 1326 1001
1105 1286 1194 1326 eius
1234 1285 1462 1326 sacerdote.

179 1341 351 1381 interim
382 1355 426 1381 re
458 1341 631 1395 cognita
652 1341 893 1382 Alexander
923 1344 1183 1396 congregata
1205 1343 1466 1382 armatorum

177 1411 306 1437 manu
337 1396 388 1437 ad
418 1375 730 1450 prohibendum
752 1397 892 1438 venit:
925 1411 1019 1437 eum
1042 1396 1124 1438 duo
1146 1397 1310 1451 Aiaces,
1333 1397 1465 1451 prius·

179 1467 307 1506 quam
338 1451 389 1493 ad
419 1453 625 1506 templum
657 1453 1039 1507 adpropinquaret,
1071 1452 1306 1494 interfectis
1336 1453 1465 1506 pluri-

178 1508 256 1549 mis
285 1507 499 1562 fugavere.
560 1507 632 1549 sed
654 1508 847 1562 Chryses,
879 1523 1003 1563 quem
1034 1508 1294 1550 sacerdotem
1325 1508 1466 1550 Zmin-

128 1576 160 1601 25
179 1564 259 1605 thii
303 1563 517 1618 Apollinis
563 1579 691 1618 supra
736 1564 938 1616 diximus,
992 1565 1211 1619 utriusque
1258 1564 1465 1606 exercitus

179 1620 383 1661 offensam
421 1622 635 1673 metuens,
678 1621 856 1674 quisque
894 1621 1082 1675 partium
1121 1621 1175 1662 ad
1212 1636 1307 1662 eum
1338 1635 1463 1662 vene·

178 1678 264 1729 rat,
297 1690 392 1717 cum
422 1675 488 1716 his
519 1690 562 1716 se
595 1676 840 1717 adiunctum
872 1691 961 1717 esse
993 1677 1232 1717 simulabat.
1293 1676 1465 1718 interim

178 1732 224 1772 in
256 1746 305 1773 eo
328 1731 532 1772 sacrificio
554 1731 796 1773 Philocteta
825 1731 938 1772 haud
960 1732 1108 1785 procul
1139 1732 1190 1773 ab
1216 1746 1287 1773 ara
1316 1732 1464 1786 templi

178 1788 267 1829 eius
297 1787 467 1829 adstans
505 1802 648 1829 morsu
680 1789 886 1842 serpentis
918 1787 1028 1829 forte
1050 1788 1335 1843 contingitur:
1368 1787 1465 1830 dein

127 1856 159 1882 30
179 1844 230 1885 ab
270 1844 466 1885 omnibus
516 1844 588 1897 qui
633 1843 1022 1885 animadverterant
1068 1844 1250 1885 clamore
1297 1844 1465 1886 sublato

178 1899 326 1942 Ulixes
365 1913 587 1941 accurrens
626 1902 863 1953 serpentem
902 1900 1121 1941 interficit:
1161 1914 1298 1954 neque
1330 1900 1464 1942 multo

179 1959 277 2010 post
305 1955 545 1997 Philocteta
575 1970 671 1997 cum
700 1956 858 2010 pauciS,
891 1956 952 1997 uti
985 1959 1222 2009 curaretur,
1256 1955 1464 1998 Lemnum

177 2012 362 2053 insulam
383 2012 580 2064 mittitur,
608 2026 791 2066 namque
821 2012 866 2053 in
896 2027 945 2054 ea
976 2026 1094 2054 sacra
1116 2012 1311 2054 Vulcano
1350 2016 1466 2054 ante-

178 2068 297 2109 stites
344 2068 410 2109 dei
455 2068 697 2109 inhabitare
744 2069 797 2109 ab
845 2068 998 2110 accolis
1045 2068 1263 2110 dicebatur
1317 2069 1465 2110 solitos

126 2136 158 2162 35
178 2124 335 2166 mederi
367 2124 564 2165 adversus
596 2139 760 2165 venena
791 2123 1045 2166 huiusmodi.

267 2217 286 2247 5
313 2216 447 2258 predae
476 2216 539 2248 GB
621 2217 640 2247 6
666 2219 916 2249 mentorenses
944 2216 1005 2248 GB
1027 2214 1032 2257 Ι
1053 2216 1214 2258 suplices
1242 2217 1269 2247 G
1364 2217 1381 2247 7
1409 2226 1466 2247 co-

176 2271 300 2293 ronem
334 2260 395 2293 ΕΒ
494 2262 514 2293 9
546 2261 811 2293 meandriorum
844 2260 923 2299 GB,
964 2262 1165 2294 Perizonius
1204 2260 1466 2293 Neandriorum

179 2308 219 2338 15
246 2305 423 2338 zminthio
448 2310 497 2338 sic
524 2306 587 2338 GB
670 2307 712 2338 24
738 2306 910 2338 Zminthii
937 2305 999 2338 GB
1069 2307 1111 2338 26
1137 2309 1177 2338 ut
1202 2306 1353 2348 quisque
1384 2307 1464 2337 Πη-

177 2352 308 2393 dinyius
326 2351 461 2392 frustra
478 2353 582 2384 locum
601 2356 765 2393 temptans
812 2353 855 2384 34
873 2351 1129 2384 deinhabitare
1149 2351 1176 2384 G
1200 2350 1407 2383 inhabitare
1424 2351 1464 2383 B.
