1621 2550
487 81 635 115 BELLI
657 81 858 114 TROIAM
884 82 974 113 Lm.
999 84 1063 117 111
1358 83 1408 124 61

136 195 238 236 -pere
276 181 418 235 pergit
452 183 578 233 atque
624 179 790 221 hostem
828 193 1023 220 securum
1061 181 1126 221 sui
1167 183 1411 234 praemi-tit,

136 240 230 279 tum
267 235 429 291 ingredi
477 235 635 276 flumen
682 234 962 288 occipientem
1005 235 1294 278 circumvenit.
1355 238 1414 279 ita

136 305 318 346 eumque
349 293 392 332 et
420 304 579 343 omnes,
611 290 683 344 qui
713 291 888 332 comites
919 291 1066 353 regulo
1098 290 1242 332 dolum
1272 291 1414 333 huius-

138 347 254 389 modi
283 347 598 402 ignoraverant,
630 360 680 386 ex
710 346 927 399 inproviso
959 346 1179 388 interficit:
1211 350 1255 388 at
1285 362 1413 411 quen-

138 403 235 444 dam
287 402 473 444 filiorum
520 401 678 443 Priami
725 401 1076 455 comprehensum
1128 417 1225 443 mox
1265 403 1448 444 excisis⁵

138 458 334 500 manibus
364 458 416 499 ad
444 457 659 498 civitatem
690 457 869 498 remittit
895 457 1137 498 nuntiatum
1169 472 1275 511 quae
1296 462 1415 513 gesta

139 516 261 556 erant
329 515 418 568 ipse
449 527 545 554 cum
583 513 707 554 caede
745 513 1045 565 inimicissimi,
1083 516 1175 554 tum
1211 515 1415 555 memoria

137 569 297 612 doloris
334 570 454 611 ferox
505 569 733 622 spoliatum
778 569 905 610 armis
944 569 1129 622 hostem,
1174 583 1273 610 mox
1318 583 1415 610 con-

137 625 297 667 strictis
335 625 380 666 in
418 639 550 665 unum
588 624 765 678 pedibus
809 624 979 665 vinculo
1021 625 1162 665 currui
1199 627 1414 678 postremo

135 681 342 733 adnectit,
381 680 477 721 dein
516 679 589 721 ubi
627 680 817 720 ascendit
853 680 962 733 ipse,
1006 680 1309 721 Automedonti
1340 680 1415 720 im-
1437 693 1466 717 ιο

137 739 277 791 perat,
309 735 428 776 daret
457 735 549 776 lora
578 735 708 788 equis.
760 735 820 776 ita
849 749 973 776 curru
1005 736 1172 777 concito
1203 750 1278 790 per
1308 750 1415 777 cani-

137 806 260 846 pum,
306 805 389 845 qua
434 791 615 831 maxime
653 791 733 831 visi
778 793 964 844 poterat,
1014 791 1206 844 pervolat
1250 791 1416 833 hostem

135 847 377 888 mirandum
416 847 461 887 in
500 846 671 887 modum
702 846 1054 887 cir:cumtrahens
1090 860 1225 901 genus
1254 861 1416 900 poenae

119 917 297 944 novum
327 902 709 956 miserandumque.

251 957 367 1000 XVI.
421 959 481 998 At
508 958 620 1011 apud
640 957 813 999 Troiam
851 958 924 998 ubi
955 958 1091 1011 spolia
1121 957 1317 999 Hectoris
1347 958 1414 999 de·
1436 971 1467 995 15

137 1028 264 1068 super
294 1028 343 1055 ex
365 1013 496 1054 muris
516 1013 864 1067 animadvertere,
886 1027 993 1067 quae
1016 1013 1166 1055 Graeci
1191 1017 1415 1068 praecepto

136 1070 250 1125 regis
281 1072 379 1110 ante
410 1083 485 1111 ora
504 1068 691 1110 hostium
712 1046 1021 1123 praetulerant,
1053 1072 1097 1110 et
1125 1069 1236 1110 filius
1257 1069 1416 1110 Priami

138 1125 391 1180 praemissus
421 1125 474 1166 ab
505 1124 673 1165 Achille
711 1139 799 1166 rem
838 1128 886 1166 ut
923 1127 1043 1179 gesta
1081 1127 1172 1166 erat
1207 1125 1416 1177 disseruit,

135 1183 282 1223 tantus
320 1180 507 1235 undique
544 1194 690 1222 versus
728 1195 803 1234 per
846 1183 980 1221 totam
1019 1180 1233 1222 civitatem
1279 1181 1416 1221 luctus

138 1239 265 1292 atque
287 1237 447 1278 clamor
469 1236 618 1290 editur,
651 1239 698 1277 ut
718 1251 816 1277 aves
837 1237 964 1277 etiam
990 1239 1284 1278 consternatae
1306 1237 1416 1277 voci—
1434 1248 1467 1272 20

139 1293 217 1334 bus
255 1292 343 1333 alto
382 1292 584 1333 decidisse
615 1293 886 1333 crederentur
930 1293 1087 1333 nostris
1117 1306 1212 1333 cum
1243 1292 1417 1333 insulta-

136 1349 255 1390 tione
293 1347 633 1390 reclamantibus.
701 1362 749 1389 ac
786 1362 885 1389 mox
923 1362 972 1388 ex
1010 1348 1126 1389 omni
1165 1350 1282 1401 parte
1318 1347 1417 1388 urbs

136 1404 370 1446 clauditur:
409 1403 605 1445 foedatur
641 1404 764 1458 regni
803 1403 973 1444 habitus
1013 1407 1139 1457 atque
1169 1404 1214 1443 in
1245 1403 1416 1444 modum

140 1460 365 1515 lugubrem
386 1459 686 1513 funestumque
711 1459 893 1500 obducta
922 1460 1051 1500 facies
1072 1459 1274 1500 civitatis:
1308 1473 1415 1512 cum,

140 1516 250 1557 sicut
286 1516 332 1556 in
369 1515 445 1556 tali
482 1515 635 1556 nuntio
674 1515 856 1567 adsolet,
896 1518 1068 1569 repente
1106 1529 1252 1556 cursus
1289 1515 1468 1568 trepi-25

139 1571 332 1613 dantium
361 1572 481 1612 fieret
510 1571 555 1611 in
585 1571 765 1612 eundem
797 1571 936 1612 locum
958 1585 1005 1612 ac
1036 1571 1179 1611 statim
1209 1570 1300 1611 sine
1331 1570 1418 1611 ulla

138 1630 254 1668 certa
284 1627 449 1668 ratione
479 1641 555 1680 per
576 1626 787 1667 diversum
816 1627 941 1681 fuga:
972 1640 1087 1667 nunc
1107 1626 1302 1680 planctus
1333 1640 1418 1666 cre-

140 1683 225 1735 bri,
270 1682 396 1724 modo
436 1684 538 1722 urbe
575 1684 668 1723 tota
713 1682 929 1723 silentium
975 1696 1024 1722 ex
1064 1682 1240 1723 incerto.
1307 1681 1419 1722 inter

141 1753 249 1793 quae
287 1741 329 1780 et
367 1752 462 1792 spes
500 1740 708 1779 extremas
746 1737 870 1779 multi
909 1737 1120 1778 credidere
1158 1751 1253 1778 cum
1293 1740 1417 1778 nocte

135 1794 265 1836 simul
294 1793 478 1836 Graecos
499 1794 668 1834 moenia
697 1793 918 1834 invasuros
947 1793 1242 1856 excisurosque
1272 1793 1417 1833 urbem
1437 1803 1469 1828 ³0

137 1864 308 1892 securos
337 1850 513 1891 interitu
543 1850 653 1890 tanti
675 1849 804 1902 ducis,
835 1849 1033 1891 nonnulli
1065 1849 1191 1890 etiam
1214 1863 1290 1911 pro
1322 1862 1418 1889 con-

139 1907 306 1947 firmato
344 1905 498 1946 habere
537 1905 749 1946 Achillem
787 1905 1017 1946 exereitum
1056 1919 1283 1958 eum,q111
1315 1904 1417 1945 duce

141 1961 412 2002 Penthesilea
448 1960 607 2002 Priami
646 1961 769 2002 rebus
809 1961 966 2002 auxilio
998 1964 1191 2011 venerat,
1228 1960 1418 2014 paitibus

232 2155 272 2185 12
298 2152 485 2195 praenolat
513 2152 574 2184 GB
627 2152 795 2194 pernolat
821 2153 851 2184 P
959 2154 999 2184 17
1033 2151 1266 2184 ‹et—Achille
1301 2152 1421 2182 addidi

141 2209 187 2231 ea:
214 2197 287 2232 BP.
319 2209 389 2230 cum
420 2199 530 2230 desint
560 2200 592 2229 in
626 2198 668 2234 G,
701 2204 845 2230 celerum
877 2199 908 2229 in
942 2197 972 2228 B
998 2199 1118 2239 legitur·
1151 2206 1243 2237 quae
1267 2202 1343 2227 ante
1371 2200 1416 2227 et.

141 2245 237 2284 vulyo
269 2245 410 2284 quitur:
442 2246 479 2276 et
510 2242 570 2275 ille
605 2242 666 2284 qui
705 2243 837 2274 excisis
875 2242 1043 2274 manibus
1078 2242 1334 2273 acerbissimae
1369 2239 1417 2271 rei

135 2287 314 2319 ,indicium
341 2288 375 2319 in
403 2297 440 2320 se
468 2289 542 2329 ipse
569 2287 770 2329 pertulerat
862 2290 903 2318 22
930 2297 1010 2319 mox
1039 2287 1151 2328 portis
1179 2285 1252 2317 CB.
