<?xml version="1.0" encoding="UTF-8"?>
<!DOCTYPE html PUBLIC "-//W3C//DTD XHTML 1.0 Transitional//EN"
    "http://www.w3.org/TR/xhtml1/DTD/xhtml1-transitional.dtd">
<html xmlns="http://www.w3.org/1999/xhtml" xml:lang="en" lang="en">
 <head>
  <title>
</title>
<meta http-equiv="Content-Type" content="text/html;charset=utf-8" />
  <meta name='ocr-system' content='tesseract 3.04.00' />
  <meta name='ocr-capabilities' content='ocr_page ocr_carea ocr_par ocr_line ocrx_word'/>
</head>
<body>
  <div class='ocr_page' id='page_1' title='image "./ephemeridosbelli00dictuoft_0014.png"; bbox 0 0 1621 2550; ppageno 0'>
   <div class='ocr_carea' id='block_1_1' title="bbox 132 133 164 162">
    <p class='ocr_par' dir='ltr' id='par_1_1' title="bbox 132 133 164 162">
     <span class='ocr_line' id='line_1_1' title="bbox 132 133 164 162; baseline 0 0"><span class='ocrx_word' id='word_1_1' title='bbox 132 133 164 162; x_wconf 85' lang='lat' dir='ltr'>X</span> 
     </span>
    </p>
   </div>
   <div class='ocr_carea' id='block_1_2' title="bbox 131 215 1431 2344">
    <p class='ocr_par' dir='ltr' id='par_1_2' title="bbox 131 215 1420 1056">
     <span class='ocr_line' id='line_1_2' title="bbox 132 215 1411 274; baseline -0.006 -11"><span class='ocrx_word' id='word_1_2' title='bbox 132 221 270 262; x_wconf 84' lang='lat' dir='ltr'>famae</span> <span class='ocrx_word' id='word_1_3' title='bbox 301 219 483 274; x_wconf 89' lang='lat' dir='ltr'>speciem</span> <span class='ocrx_word' id='word_1_4' title='bbox 513 218 718 270; x_wconf 86' lang='lat' dir='ltr'>reliquam</span> <span class='ocrx_word' id='word_1_5' title='bbox 755 216 934 269; x_wconf 82' lang='lat' dir='ltr'>fecerat,</span> <span class='ocrx_word' id='word_1_6' title='bbox 972 215 1168 256; x_wconf 83' lang='lat' dir='ltr'>manibus</span> <span class='ocrx_word' id='word_1_7' title='bbox 1205 215 1411 269; x_wconf 87' lang='lat' dir='ltr'>vultuque</span> 
     </span>
     <span class='ocr_line' id='line_1_3' title="bbox 132 271 1410 331; baseline -0.005 -13"><span class='ocrx_word' id='word_1_8' title='bbox 132 276 394 331; x_wconf 84' lang='lat' dir='ltr'>supplicibus</span> <span class='ocrx_word' id='word_1_9' title='bbox 443 274 495 315; x_wconf 84' lang='lat' dir='ltr'>ad</span> <span class='ocrx_word' id='word_1_10' title='bbox 537 272 738 314; x_wconf 80' lang='lat' dir='ltr'>Achillen</span> <span class='ocrx_word' id='word_1_11' title='bbox 787 271 906 312; x_wconf 88' lang='lat' dir='ltr'>venit</span> <span class='ocrx_word' id='word_1_12' title='bbox 954 285 1049 312; x_wconf 88' lang='lat' dir='ltr'>cum</span> <span class='ocrx_word' id='word_1_13' title='bbox 1093 271 1410 313; x_wconf 84' lang='lat' dir='ltr'>Andromacha:</span> 
     </span>
     <span class='ocr_line' id='line_1_4' title="bbox 131 327 1412 388; baseline -0.006 -13"><span class='ocrx_word' id='word_1_14' title='bbox 131 333 222 388; x_wconf 84' lang='lat' dir='ltr'>Iug.</span> <span class='ocrx_word' id='word_1_15' title='bbox 256 332 322 384; x_wconf 83' lang='lat'>33,</span> <span class='ocrx_word' id='word_1_16' title='bbox 357 333 373 371; x_wconf 86' lang='lat'>1</span> <span class='ocrx_word' id='word_1_17' title='bbox 399 328 608 383; x_wconf 76' lang='lat' dir='ltr'><strong>Iugurtha</strong></span> <span class='ocrx_word' id='word_1_18' title='bbox 628 330 777 370; x_wconf 90' lang='lat' dir='ltr'>contra</span> <span class='ocrx_word' id='word_1_19' title='bbox 798 327 923 369; x_wconf 87' lang='lat' dir='ltr'>decus</span> <span class='ocrx_word' id='word_1_20' title='bbox 953 327 1117 382; x_wconf 83' lang='lat' dir='ltr'>regium</span> <span class='ocrx_word' id='word_1_21' title='bbox 1147 327 1264 368; x_wconf 92' lang='lat' dir='ltr'>cultu</span> <span class='ocrx_word' id='word_1_22' title='bbox 1285 341 1412 381; x_wconf 88' lang='lat' dir='ltr'>quam</span> 
     </span>
     <span class='ocr_line' id='line_1_5' title="bbox 131 382 1412 436; baseline -0.005 -7"><span class='ocrx_word' id='word_1_23' title='bbox 131 401 327 429; x_wconf 81' lang='lat' dir='ltr'><strong>maxume</strong></span> <span class='ocrx_word' id='word_1_24' title='bbox 358 384 588 427; x_wconf 81' lang='lat' dir='ltr'>miserabili</span> <span class='ocrx_word' id='word_1_25' title='bbox 619 398 715 425; x_wconf 90' lang='lat' dir='ltr'>cum</span> <span class='ocrx_word' id='word_1_26' title='bbox 746 383 891 426; x_wconf 86' lang='lat' dir='ltr'>Cassio</span> <span class='ocrx_word' id='word_1_27' title='bbox 922 382 1102 424; x_wconf 86' lang='lat' dir='ltr'>Romam</span> <span class='ocrx_word' id='word_1_28' title='bbox 1133 383 1251 424; x_wconf 86' lang='lat' dir='ltr'>venit</span> <span class='ocrx_word' id='word_1_29' title='bbox 1286 408 1342 412; x_wconf 97' lang='lat'><strong>—</strong></span> <span class='ocrx_word' id='word_1_30' title='bbox 1371 397 1412 436; x_wconf 90' lang='lat' dir='ltr'>p.</span> 
     </span>
     <span class='ocr_line' id='line_1_6' title="bbox 133 438 1413 497; baseline -0.005 -12"><span class='ocrx_word' id='word_1_31' title='bbox 133 445 198 497; x_wconf 86' lang='grc'>64,</span> <span class='ocrx_word' id='word_1_32' title='bbox 216 444 270 484; x_wconf 86' lang='grc'>33</span> <span class='ocrx_word' id='word_1_33' title='bbox 290 441 628 483; x_wconf 88' lang='lat' dir='ltr'>infelicissimum</span> <span class='ocrx_word' id='word_1_34' title='bbox 650 439 937 493; x_wconf 70' lang='lat' dir='ltr'>spectaculum</span> <span class='ocrx_word' id='word_1_35' title='bbox 959 438 1210 480; x_wconf 69' lang='lat' dir='ltr'>mortalibus</span> <span class='ocrx_word' id='word_1_36' title='bbox 1230 439 1413 492; x_wconf 87' lang='lat' dir='ltr'>praebeo</span> 
     </span>
     <span class='ocr_line' id='line_1_7' title="bbox 134 495 1415 555; baseline -0.005 -15"><span class='ocrx_word' id='word_1_37' title='bbox 134 498 388 555; x_wconf 77' lang='lat' dir='ltr'>(Priamus):</span> <span class='ocrx_word' id='word_1_38' title='bbox 419 497 510 552; x_wconf 82' lang='lat' dir='ltr'>Iug.</span> <span class='ocrx_word' id='word_1_39' title='bbox 547 496 611 549; x_wconf 80' lang='lat'>14,</span> <span class='ocrx_word' id='word_1_40' title='bbox 645 496 698 537; x_wconf 90' lang='grc'>23</span> <span class='ocrx_word' id='word_1_41' title='bbox 728 509 870 536; x_wconf 89' lang='lat' dir='ltr'>rerum</span> <span class='ocrx_word' id='word_1_42' title='bbox 890 495 1173 535; x_wconf 89' lang='lat' dir='ltr'>humanarum</span> <span class='ocrx_word' id='word_1_43' title='bbox 1202 496 1415 548; x_wconf 87' lang='lat' dir='ltr'>spectacu-</span> 
     </span>
     <span class='ocr_line' id='line_1_8' title="bbox 132 550 1414 608; baseline -0.005 -12"><span class='ocrx_word' id='word_1_44' title='bbox 132 556 222 596; x_wconf 90' lang='lat' dir='ltr'>lum</span> <span class='ocrx_word' id='word_1_45' title='bbox 252 555 434 608; x_wconf 86' lang='lat' dir='ltr'>praebeo</span> <span class='ocrx_word' id='word_1_46' title='bbox 467 551 720 606; x_wconf 50' lang='lat' dir='ltr'>kAdherbal)</span> <span class='ocrx_word' id='word_1_47' title='bbox 751 577 807 581; x_wconf 90' lang='lat'>—</span> <span class='ocrx_word' id='word_1_48' title='bbox 836 566 876 604; x_wconf 91' lang='lat' dir='ltr'>p.</span> <span class='ocrx_word' id='word_1_49' title='bbox 911 550 983 603; x_wconf 89' lang='grc'>76,</span> <span class='ocrx_word' id='word_1_50' title='bbox 1025 550 1077 591; x_wconf 86' lang='grc'>13</span> <span class='ocrx_word' id='word_1_51' title='bbox 1115 552 1311 604; x_wconf 85' lang='lat' dir='ltr'>acceptus</span> <span class='ocrx_word' id='word_1_52' title='bbox 1341 564 1414 603; x_wconf 90' lang='lat' dir='ltr'>po-</span> 
     </span>
     <span class='ocr_line' id='line_1_9' title="bbox 132 608 1416 665; baseline -0.005 -13"><span class='ocrx_word' id='word_1_53' title='bbox 132 611 352 665; x_wconf 82' lang='lat' dir='ltr'>pularibus</span> <span class='ocrx_word' id='word_1_54' title='bbox 384 608 614 664; x_wconf 83' lang='lat' dir='ltr'>(Troilus):</span> <span class='ocrx_word' id='word_1_55' title='bbox 646 608 738 662; x_wconf 81' lang='lat' dir='ltr'>lug.</span> <span class='ocrx_word' id='word_1_56' title='bbox 772 608 814 656; x_wconf 83' lang='lat'>7,</span> <span class='ocrx_word' id='word_1_57' title='bbox 851 609 870 647; x_wconf 92' lang='lat' dir='ltr'>l</span> <span class='ocrx_word' id='word_1_58' title='bbox 911 609 999 647; x_wconf 84' lang='lat' dir='ltr'>tam</span> <span class='ocrx_word' id='word_1_59' title='bbox 1030 608 1249 660; x_wconf 83' lang='lat' dir='ltr'>acceptum</span> <span class='ocrx_word' id='word_1_60' title='bbox 1280 619 1416 659; x_wconf 91' lang='lat' dir='ltr'>popu-</span> 
     </span>
     <span class='ocr_line' id='line_1_10' title="bbox 132 661 1417 720; baseline -0.005 -12"><span class='ocrx_word' id='word_1_61' title='bbox 132 667 291 708; x_wconf 87' lang='lat' dir='ltr'>laribus</span> <span class='ocrx_word' id='word_1_62' title='bbox 323 664 611 720; x_wconf 82' lang='lat' dir='ltr'>(Iugurtham)</span> <span class='ocrx_word' id='word_1_63' title='bbox 643 665 658 718; x_wconf 81' lang='lat'><strong>(</strong></span> <span class='ocrx_word' id='word_1_64' title='bbox 662 663 714 704; x_wconf 88' lang='lat' dir='ltr'>cf.</span> <span class='ocrx_word' id='word_1_65' title='bbox 739 663 805 717; x_wconf 77' lang='lat'>70,</span> <span class='ocrx_word' id='word_1_66' title='bbox 828 663 872 717; x_wconf 78' lang='grc'>2)</span> <span class='ocrx_word' id='word_1_67' title='bbox 893 687 948 691; x_wconf 84' lang='lat'>——</span> <span class='ocrx_word' id='word_1_68' title='bbox 969 677 1008 716; x_wconf 91' lang='lat' dir='ltr'>p.</span> <span class='ocrx_word' id='word_1_69' title='bbox 1043 662 1108 715; x_wconf 80' lang='grc'>76,</span> <span class='ocrx_word' id='word_1_70' title='bbox 1143 661 1194 703; x_wconf 86' lang='grc'>18</span> <span class='ocrx_word' id='word_1_71' title='bbox 1222 661 1417 702; x_wconf 80' lang='lat' dir='ltr'>Priamus</span> 
     </span>
     <span class='ocr_line' id='line_1_11' title="bbox 134 716 1417 773; baseline -0.005 -9"><span class='ocrx_word' id='word_1_72' title='bbox 134 723 305 764; x_wconf 84' lang='lat' dir='ltr'>Idaeum</span> <span class='ocrx_word' id='word_1_73' title='bbox 344 721 395 762; x_wconf 88' lang='lat' dir='ltr'>ad</span> <span class='ocrx_word' id='word_1_74' title='bbox 427 720 626 762; x_wconf 79' lang='lat' dir='ltr'>Achillen</span> <span class='ocrx_word' id='word_1_75' title='bbox 665 733 791 773; x_wconf 89' lang='lat' dir='ltr'>super</span> <span class='ocrx_word' id='word_1_76' title='bbox 819 719 1036 772; x_wconf 71' lang='lat' dir='ltr'>Polyxena</span> <span class='ocrx_word' id='word_1_77' title='bbox 1075 731 1170 758; x_wconf 92' lang='lat' dir='ltr'>cum</span> <span class='ocrx_word' id='word_1_78' title='bbox 1205 716 1417 758; x_wconf 86' lang='lat' dir='ltr'>mandatis</span> 
     </span>
     <span class='ocr_line' id='line_1_12' title="bbox 133 772 1418 829; baseline -0.005 -9"><span class='ocrx_word' id='word_1_79' title='bbox 133 779 285 820; x_wconf 82' lang='lat' dir='ltr'>mittit:</span> <span class='ocrx_word' id='word_1_80' title='bbox 319 776 408 819; x_wconf 83' lang='lat' dir='ltr'>Cat.</span> <span class='ocrx_word' id='word_1_81' title='bbox 453 777 519 829; x_wconf 84' lang='grc'>32,</span> <span class='ocrx_word' id='word_1_82' title='bbox 551 777 576 817; x_wconf 88' lang='lat'>3</span> <span class='ocrx_word' id='word_1_83' title='bbox 608 775 793 817; x_wconf 85' lang='lat' dir='ltr'>Manlius</span> <span class='ocrx_word' id='word_1_84' title='bbox 824 775 987 829; x_wconf 82' lang='lat' dir='ltr'>legatos</span> <span class='ocrx_word' id='word_1_85' title='bbox 1025 773 1076 814; x_wconf 87' lang='lat' dir='ltr'>ad</span> <span class='ocrx_word' id='word_1_86' title='bbox 1100 773 1307 814; x_wconf 85' lang='lat' dir='ltr'>Marcium</span> <span class='ocrx_word' id='word_1_87' title='bbox 1338 772 1418 813; x_wconf 80' lang='lat' dir='ltr'>Re-</span> 
     </span>
     <span class='ocr_line' id='line_1_13' title="bbox 133 829 1416 890; baseline -0.005 -14"><span class='ocrx_word' id='word_1_88' title='bbox 133 849 231 890; x_wconf 82' lang='lat' dir='ltr'>gem</span> <span class='ocrx_word' id='word_1_89' title='bbox 260 834 393 875; x_wconf 86' lang='lat' dir='ltr'>mittit</span> <span class='ocrx_word' id='word_1_90' title='bbox 423 847 518 874; x_wconf 92' lang='lat' dir='ltr'>cum</span> <span class='ocrx_word' id='word_1_91' title='bbox 549 831 757 872; x_wconf 88' lang='lat' dir='ltr'>mandatis</span> <span class='ocrx_word' id='word_1_92' title='bbox 786 830 961 871; x_wconf 86' lang='lat' dir='ltr'>huiusce</span> <span class='ocrx_word' id='word_1_93' title='bbox 983 829 1097 870; x_wconf 91' lang='lat' dir='ltr'>modi</span> <span class='ocrx_word' id='word_1_94' title='bbox 1128 854 1182 860; x_wconf 70' lang='lat'>-—</span> <span class='ocrx_word' id='word_1_95' title='bbox 1212 844 1252 882; x_wconf 89' lang='lat' dir='ltr'>p.</span> <span class='ocrx_word' id='word_1_96' title='bbox 1275 829 1342 882; x_wconf 87' lang='lat'>85,</span> <span class='ocrx_word' id='word_1_97' title='bbox 1368 829 1416 869; x_wconf 95' lang='grc'>17</span> 
     </span>
     <span class='ocr_line' id='line_1_14' title="bbox 133 884 1418 944; baseline -0.006 -12"><span class='ocrx_word' id='word_1_98' title='bbox 133 904 272 944; x_wconf 86' lang='lat' dir='ltr'>neque</span> <span class='ocrx_word' id='word_1_99' title='bbox 304 903 419 931; x_wconf 87' lang='lat' dir='ltr'>sacro</span> <span class='ocrx_word' id='word_1_100' title='bbox 459 902 597 942; x_wconf 87' lang='lat' dir='ltr'>neque</span> <span class='ocrx_word' id='word_1_101' title='bbox 635 887 816 941; x_wconf 86' lang='lat' dir='ltr'>profano</span> <span class='ocrx_word' id='word_1_102' title='bbox 856 886 1109 927; x_wconf 72' lang='lat' dir='ltr'>abstinuisse</span> <span class='ocrx_word' id='word_1_103' title='bbox 1143 884 1418 939; x_wconf 79' lang='lat' dir='ltr'>(Priamum):</span> 
     </span>
     <span class='ocr_line' id='line_1_15' title="bbox 134 940 1420 998; baseline -0.005 -11"><span class='ocrx_word' id='word_1_104' title='bbox 134 946 224 988; x_wconf 78' lang='lat' dir='ltr'>Cat.</span> <span class='ocrx_word' id='word_1_105' title='bbox 260 947 324 998; x_wconf 80' lang='lat'>11,</span> <span class='ocrx_word' id='word_1_106' title='bbox 346 945 371 986; x_wconf 87' lang='grc'>6</span> <span class='ocrx_word' id='word_1_107' title='bbox 393 958 510 985; x_wconf 85' lang='lat' dir='ltr'>sacra</span> <span class='ocrx_word' id='word_1_108' title='bbox 531 943 793 997; x_wconf 84' lang='lat' dir='ltr'>profanaque</span> <span class='ocrx_word' id='word_1_109' title='bbox 816 942 959 983; x_wconf 87' lang='lat' dir='ltr'>omnia</span> <span class='ocrx_word' id='word_1_110' title='bbox 980 941 1168 995; x_wconf 85' lang='lat' dir='ltr'>polluere</span> <span class='ocrx_word' id='word_1_111' title='bbox 1193 940 1420 995; x_wconf 79' lang='lat' dir='ltr'>(exercitus</span> 
     </span>
     <span class='ocr_line' id='line_1_16' title="bbox 134 1000 1395 1056; baseline -0.003 -14"><span class='ocrx_word' id='word_1_112' title='bbox 134 1001 283 1056; x_wconf 88' lang='lat' dir='ltr'>populi</span> <span class='ocrx_word' id='word_1_113' title='bbox 313 1000 528 1055; x_wconf 70' lang='lat' dir='ltr'>Romani).</span> <span class='ocrx_word' id='word_1_114' title='bbox 1389 1032 1395 1038; x_wconf 94' lang='lat'>.</span> 
     </span>
    </p>

    <p class='ocr_par' dir='ltr' id='par_1_3' title="bbox 135 1051 1431 2344">
     <span class='ocr_line' id='line_1_17' title="bbox 247 1051 1421 1108; baseline -0.005 -10"><span class='ocrx_word' id='word_1_115' title='bbox 247 1057 483 1098; x_wconf 84' lang='lat' dir='ltr'>Numerum</span> <span class='ocrx_word' id='word_1_116' title='bbox 506 1055 1010 1108; x_wconf 82' lang='lat' dir='ltr'>exemplorum-poteram</span> <span class='ocrx_word' id='word_1_117' title='bbox 1033 1066 1200 1107; x_wconf 84' lang='lat' dir='ltr'>augere,</span> <span class='ocrx_word' id='word_1_118' title='bbox 1223 1051 1296 1093; x_wconf 84' lang='lat' dir='ltr'>sed</span> <span class='ocrx_word' id='word_1_119' title='bbox 1315 1051 1421 1093; x_wconf 85' lang='lat' dir='ltr'>haec</span> 
     </span>
     <span class='ocr_line' id='line_1_18' title="bbox 136 1107 1423 1210; baseline -0.005 0"><span class='ocrx_word' id='word_1_120' title='bbox 136 1110 782 1210; x_wconf 47' lang='lat' dir='ltr'>quoqfaemsuggffirfffuitffimo</span> <span class='ocrx_word' id='word_1_121' title='bbox 792 1107 1423 1206; x_wconf 52' lang='lat' dir='ltr'>‘¹5:3⁶¹333503ffi152023‘13352ss</span> 
     </span>
     <span class='ocr_line' id='line_1_19' title="bbox 137 1179 1423 1277; baseline -0.005 -10"><span class='ocrx_word' id='word_1_122' title='bbox 137 1225 338 1267; x_wconf 83' lang='lat' dir='ltr'>Latinum</span> <span class='ocrx_word' id='word_1_123' title='bbox 360 1224 535 1265; x_wconf 86' lang='lat' dir='ltr'>diversis</span> <span class='ocrx_word' id='word_1_124' title='bbox 556 1181 820 1277; x_wconf 40' lang='lat' dir='ltr'>telinporibiiis</span> <span class='ocrx_word' id='word_1_125' title='bbox 850 1182 1001 1262; x_wconf 61' lang='lat' dir='ltr'>notium</span> <span class='ocrx_word' id='word_1_126' title='bbox 1023 1224 1148 1275; x_wconf 89' lang='lat' dir='ltr'>atque</span> <span class='ocrx_word' id='word_1_127' title='bbox 1171 1179 1423 1274; x_wconf 57' lang='lat' dir='ltr'>usurfliatum</span> 
     </span>
     <span class='ocr_line' id='line_1_20' title="bbox 136 1276 1423 1334; baseline -0.005 -11"><span class='ocrx_word' id='word_1_128' title='bbox 136 1296 225 1323; x_wconf 83' lang='lat' dir='ltr'>esse</span> <span class='ocrx_word' id='word_1_129' title='bbox 246 1281 450 1334; x_wconf 82' lang='lat' dir='ltr'>videmus,</span> <span class='ocrx_word' id='word_1_130' title='bbox 481 1279 707 1334; x_wconf 81' lang='lat' dir='ltr'>praecipue</span> <span class='ocrx_word' id='word_1_131' title='bbox 739 1293 763 1319; x_wconf 91' lang='lat' dir='ltr'>a</span> <span class='ocrx_word' id='word_1_132' title='bbox 786 1277 1122 1331; x_wconf 73' lang='lat' dir='ltr'>Byzantinorum</span> <span class='ocrx_word' id='word_1_133' title='bbox 1145 1276 1423 1330; x_wconf 77' lang='lat' dir='ltr'>scriptoribus</span> 
     </span>
     <span class='ocr_line' id='line_1_21' title="bbox 136 1330 1424 1390; baseline -0.005 -12"><span class='ocrx_word' id='word_1_134' title='bbox 136 1338 298 1379; x_wconf 86' lang='lat' dir='ltr'>Ioanne</span> <span class='ocrx_word' id='word_1_135' title='bbox 337 1336 515 1389; x_wconf 60' lang='grc'>11131313,</span> <span class='ocrx_word' id='word_1_136' title='bbox 555 1335 740 1390; x_wconf 80' lang='lat' dir='ltr'>Georgio</span> <span class='ocrx_word' id='word_1_137' title='bbox 773 1333 987 1387; x_wconf 78' lang='lat' dir='ltr'>Cedreno,</span> <span class='ocrx_word' id='word_1_138' title='bbox 1021 1333 1304 1375; x_wconf 87' lang='lat' dir='ltr'>Constantino</span> <span class='ocrx_word' id='word_1_139' title='bbox 1334 1330 1424 1372; x_wconf 84' lang='lat' dir='ltr'>Ma-</span> 
     </span>
     <span class='ocr_line' id='line_1_22' title="bbox 135 1387 1426 1446; baseline -0.005 -11"><span class='ocrx_word' id='word_1_140' title='bbox 135 1407 280 1446; x_wconf 80' lang='lat' dir='ltr'>nasse,</span> <span class='ocrx_word' id='word_1_141' title='bbox 326 1392 487 1434; x_wconf 88' lang='lat' dir='ltr'>Ioanne</span> <span class='ocrx_word' id='word_1_142' title='bbox 526 1391 690 1432; x_wconf 87' lang='lat' dir='ltr'>Tzetza.</span> <span class='ocrx_word' id='word_1_143' title='bbox 766 1389 944 1431; x_wconf 84' lang='lat' dir='ltr'>Malalas</span> <span class='ocrx_word' id='word_1_144' title='bbox 991 1389 1036 1430; x_wconf 86' lang='lat' dir='ltr'>in</span> <span class='ocrx_word' id='word_1_145' title='bbox 1068 1387 1426 1443; x_wconf 83' lang='lat' dir='ltr'>Chronographia</span> 
     </span>
     <span class='ocr_line' id='line_1_23' title="bbox 137 1442 1425 1503; baseline -0.005 -13"><span class='ocrx_word' id='word_1_146' title='bbox 137 1449 297 1503; x_wconf 78' lang='lat' dir='ltr'>Dictyn</span> <span class='ocrx_word' id='word_1_147' title='bbox 318 1448 485 1502; x_wconf 85' lang='lat' dir='ltr'>saepius</span> <span class='ocrx_word' id='word_1_148' title='bbox 506 1448 679 1489; x_wconf 88' lang='lat' dir='ltr'>nomine</span> <span class='ocrx_word' id='word_1_149' title='bbox 701 1446 888 1500; x_wconf 82' lang='lat' dir='ltr'>appellat</span> <span class='ocrx_word' id='word_1_150' title='bbox 909 1445 949 1486; x_wconf 76' lang='lat' dir='ltr'>V</span> <span class='ocrx_word' id='word_1_151' title='bbox 970 1460 1010 1499; x_wconf 89' lang='lat' dir='ltr'>p.</span> <span class='ocrx_word' id='word_1_152' title='bbox 1036 1445 1116 1486; x_wconf 74' lang='lat'>134</span> <span class='ocrx_word' id='word_1_153' title='bbox 1140 1445 1218 1486; x_wconf 77' lang='lat'>155</span> <span class='ocrx_word' id='word_1_154' title='bbox 1243 1443 1321 1485; x_wconf 79' lang='lat'>168</span> <span class='ocrx_word' id='word_1_155' title='bbox 1346 1442 1425 1484; x_wconf 86' lang='grc'>172</span> 
     </span>
     <span class='ocr_line' id='line_1_24' title="bbox 136 1500 1424 1559; baseline -0.005 -13"><span class='ocrx_word' id='word_1_156' title='bbox 136 1505 176 1546; x_wconf 83' lang='lat' dir='ltr'><strong>X</strong></span> <span class='ocrx_word' id='word_1_157' title='bbox 214 1520 253 1559; x_wconf 93' lang='lat' dir='ltr'>p.</span> <span class='ocrx_word' id='word_1_158' title='bbox 294 1504 377 1546; x_wconf 88' lang='grc'>322</span> <span class='ocrx_word' id='word_1_159' title='bbox 414 1518 552 1557; x_wconf 86' lang='lat' dir='ltr'>neque</span> <span class='ocrx_word' id='word_1_160' title='bbox 592 1503 816 1557; x_wconf 86' lang='lat' dir='ltr'>quisquam</span> <span class='ocrx_word' id='word_1_161' title='bbox 854 1501 1077 1556; x_wconf 70' lang='lat' dir='ltr'>negaverit</span> <span class='ocrx_word' id='word_1_162' title='bbox 1119 1515 1215 1541; x_wconf 88' lang='lat' dir='ltr'>eum</span> <span class='ocrx_word' id='word_1_163' title='bbox 1254 1500 1424 1553; x_wconf 80' lang='lat' dir='ltr'>Dictyn,</span> 
     </span>
     <span class='ocr_line' id='line_1_25' title="bbox 139 1555 1426 1615; baseline -0.005 -13"><span class='ocrx_word' id='word_1_164' title='bbox 139 1561 306 1615; x_wconf 82' lang='lat' dir='ltr'>qualem</span> <span class='ocrx_word' id='word_1_165' title='bbox 337 1574 452 1602; x_wconf 92' lang='lat' dir='ltr'>nunc</span> <span class='ocrx_word' id='word_1_166' title='bbox 481 1559 699 1612; x_wconf 81' lang='lat' dir='ltr'>habemus,</span> <span class='ocrx_word' id='word_1_167' title='bbox 731 1561 829 1599; x_wconf 85' lang='lat' dir='ltr'>ante</span> <span class='ocrx_word' id='word_1_168' title='bbox 861 1558 1003 1599; x_wconf 90' lang='lat' dir='ltr'>oculos</span> <span class='ocrx_word' id='word_1_169' title='bbox 1034 1557 1231 1598; x_wconf 87' lang='lat' dir='ltr'>habuisse</span> <span class='ocrx_word' id='word_1_170' title='bbox 1263 1559 1305 1597; x_wconf 88' lang='lat' dir='ltr'>et</span> <span class='ocrx_word' id='word_1_171' title='bbox 1335 1555 1426 1596; x_wconf 82' lang='lat' dir='ltr'>dili-</span> 
     </span>
     <span class='ocr_line' id='line_1_26' title="bbox 137 1612 1428 1714; baseline -0.005 -56"><span class='ocrx_word' id='word_1_172' title='bbox 137 1620 288 1714; x_wconf 58' lang='grc'>333101</span> <span class='ocrx_word' id='word_1_173' title='bbox 303 1619 506 1713; x_wconf 52' lang='lat' dir='ltr'>Secutum</span> <span class='ocrx_word' id='word_1_174' title='bbox 519 1630 629 1712; x_wconf 42' lang='lat' dir='ltr'>1:esste</span> <span class='ocrx_word' id='word_1_175' title='bbox 640 1649 649 1669; x_wconf 85' lang='lat'><em>‚</em></span> <span class='ocrx_word' id='word_1_176' title='bbox 681 1615 784 1711; x_wconf 47' lang='lat' dir='ltr'>{ideo</span> <span class='ocrx_word' id='word_1_177' title='bbox 817 1616 864 1655; x_wconf 86' lang='lat' dir='ltr'>ut</span> <span class='ocrx_word' id='word_1_178' title='bbox 899 1628 988 1655; x_wconf 91' lang='lat' dir='ltr'>non</span> <span class='ocrx_word' id='word_1_179' title='bbox 1019 1613 1173 1709; x_wconf 68' lang='lat' dir='ltr'>paucis)</span> <span class='ocrx_word' id='word_1_180' title='bbox 1195 1612 1428 1710; x_wconf 39' lang='lat' dir='ltr'>logis—etigr}</span> 
     </span>
     <span class='ocr_line' id='line_1_27' title="bbox 137 1678 1341 1714; baseline -0.003 0"><span class='ocrx_word' id='word_1_181' title='bbox 137 1688 161 1714; x_wconf 83' lang='lat' dir='ltr'>a</span> <span class='ocrx_word' id='word_1_182' title='bbox 228 1687 302 1714; x_wconf 83' lang='lat' dir='ltr'>ver</span> <span class='ocrx_word' id='word_1_183' title='bbox 334 1687 404 1713; x_wconf 93' lang='lat' dir='ltr'>um</span> <span class='ocrx_word' id='word_1_184' title='bbox 444 1686 599 1712; x_wconf 82' lang='lat' dir='ltr'>vereri</span> <span class='ocrx_word' id='word_1_185' title='bbox 657 1685 709 1712; x_wconf 86' lang='lat' dir='ltr'>c.</span> <span class='ocrx_word' id='word_1_186' title='bbox 751 1685 799 1711; x_wconf 81' lang='lat' dir='ltr'>ea</span> <span class='ocrx_word' id='word_1_187' title='bbox 838 1684 946 1711; x_wconf 82' lang='lat' dir='ltr'>(uae</span> <span class='ocrx_word' id='word_1_188' title='bbox 985 1683 1025 1710; x_wconf 75' lang='lat' dir='ltr'>a(</span> <span class='ocrx_word' id='word_1_189' title='bbox 1108 1702 1115 1709; x_wconf 92' lang='lat'>.</span> <span class='ocrx_word' id='word_1_190' title='bbox 1148 1697 1169 1708; x_wconf 83' lang='lat'>..</span> <span class='ocrx_word' id='word_1_191' title='bbox 1251 1687 1254 1690; x_wconf 48' lang='lat'>*</span> <span class='ocrx_word' id='word_1_192' title='bbox 1312 1678 1341 1710; x_wconf 72' lang='grc' dir='ltr'>ι.</span> 
     </span>
     <span class='ocr_line' id='line_1_28' title="bbox 142 1684 1426 1782; baseline -0.005 -12"><span class='ocrx_word' id='word_1_193' title='bbox 142 1729 206 1782; x_wconf 88' lang='grc'>12,</span> <span class='ocrx_word' id='word_1_194' title='bbox 239 1728 293 1769; x_wconf 90' lang='grc'>32</span> <span class='ocrx_word' id='word_1_195' title='bbox 315 1730 394 1769; x_wconf 89' lang='lat' dir='ltr'>etc.</span> <span class='ocrx_word' id='word_1_196' title='bbox 427 1727 587 1769; x_wconf 84' lang='lat' dir='ltr'>notavi.</span> <span class='ocrx_word' id='word_1_197' title='bbox 630 1726 767 1767; x_wconf 84' lang='lat' dir='ltr'>Multa</span> <span class='ocrx_word' id='word_1_198' title='bbox 799 1686 968 1779; x_wconf 49' lang='lat' dir='ltr'>quiidem</span> <span class='ocrx_word' id='word_1_199' title='bbox 990 1684 1186 1776; x_wconf 44' lang='lat' dir='ltr'>mugivit?</span> <span class='ocrx_word' id='word_1_200' title='bbox 1216 1714 1426 1778; x_wconf 49' lang='lat' dir='ltr'>quae‘aut</span> 
     </span>
     <span class='ocr_line' id='line_1_29' title="bbox 140 1778 1427 1837; baseline -0.005 -10"><span class='ocrx_word' id='word_1_201' title='bbox 140 1784 354 1827; x_wconf 78' lang='lat' dir='ltr'>contraxit</span> <span class='ocrx_word' id='word_1_202' title='bbox 383 1787 457 1825; x_wconf 88' lang='lat' dir='ltr'>aut</span> <span class='ocrx_word' id='word_1_203' title='bbox 486 1783 698 1837; x_wconf 86' lang='lat' dir='ltr'>copiosius</span> <span class='ocrx_word' id='word_1_204' title='bbox 729 1782 939 1833; x_wconf 82' lang='lat' dir='ltr'>tractavit,</span> <span class='ocrx_word' id='word_1_205' title='bbox 971 1780 1219 1835; x_wconf 86' lang='lat' dir='ltr'>praesertim</span> <span class='ocrx_word' id='word_1_206' title='bbox 1251 1793 1346 1821; x_wconf 88' lang='lat' dir='ltr'>cum</span> <span class='ocrx_word' id='word_1_207' title='bbox 1377 1778 1427 1820; x_wconf 84' lang='lat' dir='ltr'>de</span> 
     </span>
     <span class='ocr_line' id='line_1_30' title="bbox 141 1834 1428 1891; baseline -0.005 -9"><span class='ocrx_word' id='word_1_208' title='bbox 141 1841 286 1883; x_wconf 83' lang='lat' dir='ltr'>eadem</span> <span class='ocrx_word' id='word_1_209' title='bbox 317 1855 360 1881; x_wconf 90' lang='lat' dir='ltr'>re</span> <span class='ocrx_word' id='word_1_210' title='bbox 393 1840 519 1881; x_wconf 87' lang='lat' dir='ltr'>etiam</span> <span class='ocrx_word' id='word_1_211' title='bbox 552 1839 658 1880; x_wconf 88' lang='lat' dir='ltr'>alios</span> <span class='ocrx_word' id='word_1_212' title='bbox 680 1841 872 1880; x_wconf 83' lang='lat' dir='ltr'>auctores</span> <span class='ocrx_word' id='word_1_213' title='bbox 903 1840 1116 1891; x_wconf 74' lang='lat' dir='ltr'>sequatur,</span> <span class='ocrx_word' id='word_1_214' title='bbox 1147 1837 1191 1877; x_wconf 89' lang='lat' dir='ltr'>in</span> <span class='ocrx_word' id='word_1_215' title='bbox 1223 1836 1289 1876; x_wconf 90' lang='lat' dir='ltr'>his</span> <span class='ocrx_word' id='word_1_216' title='bbox 1317 1834 1428 1889; x_wconf 71' lang='lat' dir='ltr'>Sisy-</span> 
     </span>
     <span class='ocr_line' id='line_1_31' title="bbox 145 1893 1427 1951; baseline -0.005 -13"><span class='ocrx_word' id='word_1_217' title='bbox 145 1897 278 1951; x_wconf 89' lang='lat' dir='ltr'>phum</span> <span class='ocrx_word' id='word_1_218' title='bbox 301 1896 449 1949; x_wconf 77' lang='lat' dir='ltr'>Coum,</span> <span class='ocrx_word' id='word_1_219' title='bbox 482 1909 606 1950; x_wconf 91' lang='lat' dir='ltr'>quem</span> <span class='ocrx_word' id='word_1_220' title='bbox 628 1894 669 1936; x_wconf 92' lang='lat' dir='ltr'>V</span> <span class='ocrx_word' id='word_1_221' title='bbox 699 1910 739 1948; x_wconf 91' lang='lat' dir='ltr'>p.</span> <span class='ocrx_word' id='word_1_222' title='bbox 776 1894 853 1935; x_wconf 82' lang='lat'>148</span> <span class='ocrx_word' id='word_1_223' title='bbox 888 1895 967 1936; x_wconf 77' lang='grc'>152</span> <span class='ocrx_word' id='word_1_224' title='bbox 1002 1893 1079 1935; x_wconf 82' lang='grc'>168</span> <span class='ocrx_word' id='word_1_225' title='bbox 1111 1895 1427 1934; x_wconf 76' lang='lat' dir='ltr'>commemorat.</span> 
     </span>
     <span class='ocr_line' id='line_1_32' title="bbox 141 1948 1428 2002; baseline -0.005 -7"><span class='ocrx_word' id='word_1_226' title='bbox 141 1953 364 1995; x_wconf 84' lang='lat' dir='ltr'>Nonnulla</span> <span class='ocrx_word' id='word_1_227' title='bbox 389 1952 516 1993; x_wconf 89' lang='lat' dir='ltr'>etiam</span> <span class='ocrx_word' id='word_1_228' title='bbox 541 1951 696 1992; x_wconf 84' lang='lat' dir='ltr'>rectius</span> <span class='ocrx_word' id='word_1_229' title='bbox 726 1950 935 2002; x_wconf 77' lang='lat' dir='ltr'>describit,</span> <span class='ocrx_word' id='word_1_230' title='bbox 963 1952 1010 1990; x_wconf 85' lang='lat' dir='ltr'>ut</span> <span class='ocrx_word' id='word_1_231' title='bbox 1029 1949 1048 1990; x_wconf 94' lang='grc' dir='ltr'>Ι</span> <span class='ocrx_word' id='word_1_232' title='bbox 1070 1951 1117 1989; x_wconf 77' lang='lat'>4:</span> <span class='ocrx_word' id='word_1_233' title='bbox 1140 1948 1292 1990; x_wconf 81' lang='lat' dir='ltr'>merito</span> <span class='ocrx_word' id='word_1_234' title='bbox 1315 1948 1428 1989; x_wconf 89' lang='lat' dir='ltr'>enim</span> 
     </span>
     <span class='ocr_line' id='line_1_33' title="bbox 140 2003 1427 2060; baseline -0.005 -9"><span class='ocrx_word' id='word_1_235' title='bbox 140 2010 310 2051; x_wconf 91' lang='lat' dir='ltr'>monuit</span> <span class='ocrx_word' id='word_1_236' title='bbox 325 2008 573 2050; x_wconf 88' lang='lat' dir='ltr'>Perizonius</span> <span class='ocrx_word' id='word_1_237' title='bbox 593 2007 620 2048; x_wconf 92' lang='lat' dir='ltr'>l.</span> <span class='ocrx_word' id='word_1_238' title='bbox 639 2008 664 2048; x_wconf 95' lang='lat' dir='ltr'>l.</span> <span class='ocrx_word' id='word_1_239' title='bbox 684 2007 744 2048; x_wconf 89' lang='lat' dir='ltr'>XI</span> <span class='ocrx_word' id='word_1_240' title='bbox 758 2007 886 2048; x_wconf 81' lang='lat' dir='ltr'>verba</span> <span class='ocrx_word' id='word_1_241' title='bbox 896 2006 1059 2060; x_wconf 72' lang='lat' dir='ltr'>Dictyis</span> <span class='ocrx_word' id='word_1_242' title='bbox 1074 2021 1113 2059; x_wconf 85' lang='lat' dir='ltr'>p.</span> <span class='ocrx_word' id='word_1_243' title='bbox 1130 2006 1170 2058; x_wconf 74' lang='lat'>4,</span> <span class='ocrx_word' id='word_1_244' title='bbox 1188 2005 1261 2046; x_wconf 79' lang='lat'>31:</span> <span class='ocrx_word' id='word_1_245' title='bbox 1280 2003 1427 2045; x_wconf 79' lang='lat' dir='ltr'>‘multo</span> 
     </span>
     <span class='ocr_line' id='line_1_34' title="bbox 144 2061 1430 2120; baseline -0.005 -13"><span class='ocrx_word' id='word_1_246' title='bbox 144 2065 327 2120; x_wconf 81' lang='lat' dir='ltr'>amplius</span> <span class='ocrx_word' id='word_1_247' title='bbox 357 2068 503 2106; x_wconf 82' lang='lat' dir='ltr'>tamen</span> <span class='ocrx_word' id='word_1_248' title='bbox 535 2064 588 2105; x_wconf 92' lang='lat' dir='ltr'>ob</span> <span class='ocrx_word' id='word_1_249' title='bbox 620 2063 818 2104; x_wconf 80' lang='lat' dir='ltr'>iniuriam</span> <span class='ocrx_word' id='word_1_250' title='bbox 841 2062 1064 2103; x_wconf 80' lang='lat' dir='ltr'>adfinium&#39;</span> <span class='ocrx_word' id='word_1_251' title='bbox 1096 2076 1184 2103; x_wconf 89' lang='lat' dir='ltr'>non</span> <span class='ocrx_word' id='word_1_252' title='bbox 1207 2061 1308 2102; x_wconf 77' lang='lat' dir='ltr'>satis</span> <span class='ocrx_word' id='word_1_253' title='bbox 1339 2075 1430 2114; x_wconf 82' lang='lat' dir='ltr'>pcr-</span> 
     </span>
     <span class='ocr_line' id='line_1_35' title="bbox 143 2116 1429 2175; baseline -0.005 -12"><span class='ocrx_word' id='word_1_254' title='bbox 143 2122 289 2175; x_wconf 75' lang='lat' dir='ltr'>spicua</span> <span class='ocrx_word' id='word_1_255' title='bbox 330 2135 439 2173; x_wconf 85' lang='lat' dir='ltr'>esse,</span> <span class='ocrx_word' id='word_1_256' title='bbox 478 2120 678 2161; x_wconf 84' lang='lat' dir='ltr'>Malalam</span> <span class='ocrx_word' id='word_1_257' title='bbox 710 2122 850 2161; x_wconf 83' lang='lat' dir='ltr'>autem</span> <span class='ocrx_word' id='word_1_258' title='bbox 882 2119 988 2159; x_wconf 90' lang='lat' dir='ltr'>bene</span> <span class='ocrx_word' id='word_1_259' title='bbox 1018 2131 1190 2159; x_wconf 84' lang='lat' dir='ltr'>narrare</span> <span class='ocrx_word' id='word_1_260' title='bbox 1223 2116 1429 2158; x_wconf 75' lang='lat' dir='ltr'>Aethram</span> 
     </span>
     <span class='ocr_line' id='line_1_36' title="bbox 145 2175 1431 2232; baseline -0.005 -13"><span class='ocrx_word' id='word_1_261' title='bbox 145 2182 187 2219; x_wconf 81' lang='lat' dir='ltr'>et</span> <span class='ocrx_word' id='word_1_262' title='bbox 209 2177 458 2232; x_wconf 79' lang='lat' dir='ltr'>Clymenam</span> <span class='ocrx_word' id='word_1_263' title='bbox 481 2177 626 2231; x_wconf 81' lang='lat' dir='ltr'>(quam</span> <span class='ocrx_word' id='word_1_264' title='bbox 651 2176 1015 2226; x_wconf 81' lang='grc' dir='ltr'>Κλυταιμνήετραν</span> <span class='ocrx_word' id='word_1_265' title='bbox 1038 2177 1177 2226; x_wconf 76' lang='lat' dir='ltr'>vocat)</span> <span class='ocrx_word' id='word_1_266' title='bbox 1211 2175 1431 2226; x_wconf 77' lang='lat' dir='ltr'>corruptas</span> 
     </span>
     <span class='ocr_line' id='line_1_37' title="bbox 144 2229 1431 2285; baseline -0.005 -10"><span class='ocrx_word' id='word_1_267' title='bbox 144 2248 234 2275; x_wconf 81' lang='lat' dir='ltr'>esse</span> <span class='ocrx_word' id='word_1_268' title='bbox 272 2234 324 2275; x_wconf 87' lang='lat' dir='ltr'>ab</span> <span class='ocrx_word' id='word_1_269' title='bbox 355 2232 624 2285; x_wconf 79' lang='lat' dir='ltr'>Alexandro,</span> <span class='ocrx_word' id='word_1_270' title='bbox 668 2235 713 2273; x_wconf 87' lang='lat' dir='ltr'>ut</span> <span class='ocrx_word' id='word_1_271' title='bbox 744 2232 825 2272; x_wconf 82' lang='lat' dir='ltr'>iam</span> <span class='ocrx_word' id='word_1_272' title='bbox 859 2245 945 2272; x_wconf 86' lang='lat' dir='ltr'>non</span> <span class='ocrx_word' id='word_1_273' title='bbox 979 2230 1202 2272; x_wconf 76' lang='lat' dir='ltr'>videantur</span> <span class='ocrx_word' id='word_1_274' title='bbox 1232 2229 1431 2270; x_wconf 81' lang='lat' dir='ltr'>iniuriam</span> 
     </span>
     <span class='ocr_line' id='line_1_38' title="bbox 142 2288 1014 2344; baseline -0.005 -13"><span class='ocrx_word' id='word_1_275' title='bbox 142 2304 288 2344; x_wconf 80' lang='lat' dir='ltr'>passae</span> <span class='ocrx_word' id='word_1_276' title='bbox 321 2303 421 2342; x_wconf 77' lang='lat' dir='ltr'>esse,</span> <span class='ocrx_word' id='word_1_277' title='bbox 454 2288 525 2330; x_wconf 82' lang='lat' dir='ltr'>sed</span> <span class='ocrx_word' id='word_1_278' title='bbox 556 2289 670 2342; x_wconf 86' lang='lat' dir='ltr'>ipsae</span> <span class='ocrx_word' id='word_1_279' title='bbox 702 2288 864 2329; x_wconf 79' lang='lat' dir='ltr'>fecisse.</span> <span class='ocrx_word' id='word_1_280' title='bbox 1006 2293 1014 2302; x_wconf 89' lang='lat'><em>&#39;</em></span> 
     </span>
    </p>
   </div>
   <div class='ocr_carea' id='block_1_3' title="bbox 1551 0 1621 2550">
    <p class='ocr_par' dir='ltr' id='par_1_4' title="bbox 1551 0 1621 2550">
     <span class='ocr_line' id='line_1_39' title="bbox 1551 0 1621 2550; baseline 0 0"><span class='ocrx_word' id='word_1_281' title='bbox 1551 0 1621 2550; x_wconf 95' lang='lat' dir='ltr'> </span> 
     </span>
    </p>
   </div>
  </div>
 </body>
</html>
