1621 2550
410 132 558 166 BELLI
582 131 783 165 TROIANI
808 131 901 165 L113.
929 130 954 166 I.
1304 133 1326 173 7

52 233 170 276 bens.
218 233 336 275 cuius
366 231 551 273 adventu
581 233 673 272 tota
703 230 851 272 civitas
883 245 978 272 cum
1009 231 1164 294 partim
1195 246 1330 274 exem-

55 289 175 344 plum
198 287 404 330 facinoris
434 289 771 339 exsecrarentur,
803 286 876 328 alii
906 286 1084 328 iniurias
1114 287 1159 328 in
1189 287 1330 330 Mene-

54 345 170 386 laum
199 342 398 385 admissas
428 342 638 395 dolerent,
678 319 798 383 1111110
835 342 1026 383 omnium
1056 342 1330 397 adprobante

52 402 263 463 postremo
301 399 464 462 cunctis
502 397 824 453 indignantibus
862 398 1070 439 tumultus
1108 402 1225 440 ortus
1256 403 1330 441 est.

52 455 148 510 quis
185 455 306 497 rebus
345 454 495 497 anxius
533 432 726 495 Prioamus
770 453 880 495 filios
919 457 1126 495 convocat
1163 468 1365 510 eosque,=·›

53 511 156 575 quid
185 525 308 565 super
335 511 412 553 tali
443 510 654 573 agendum
681 509 855 551 necrotio
878 509 1102 562 videretur,
1135 511 1330 564 consulit,

53 567 128 622 qui
149 581 235 608 una
250 581 350 609 voce
373 566 547 608 minime
569 544 824 607 reddendam
840 564 1049 606 Helenam
1061 566 1330 620 respondent.

53 622 257 664 videbant
286 623 460 686 quippe,
492 624 675 675 quantae
707 635 808 675 opes
839 635 934 662 cum
965 635 1014 662 ea
1043 621 1242 663 advectae
1273 636 1332 663 es-

54 681 168 720 sent:
200 692 307 732 quae
335 679 543 730 universa,
574 677 609 717 si
630 675 796 718 Helena
824 676 1073 731 traderetur,
1095 678 1331 719 necessario

53 733 308 776 amitterent.
379 735 547 787 praete1
591 746 640 773 ea
685 733 867 786 permoti
912 732 1051 774 forma
1095 734 1331 787 mulierum,
1353 748 1383 773 11]

52 803 160 853 quae
191 802 286 830 cum
316 787 479 830 Helena
508 791 724 841 venerant,
754 787 926 842 nuptias
957 788 1037 829 sibi
1068 789 1332 844 singularum

52 845 137 886 iam
167 844 309 886 animo
347 843 682 886 destinaverant:
723 844 879 907 quippe
918 844 990 897 qui
1030 824 1178 899 lingua
1208 845 1333 886 mori-

52 900 216 955 busque
254 900 442 953 barbari,
480 899 589 941 nihil
629 900 751 954 pensi
788 902 860 941 aut
896 899 1080 941 consulti
1109 900 1332 955 patientes,

53 955 209 1011 praeda
237 958 364 1010 atque
393 955 568 997 libidine
598 955 829 997 transversi
859 955 1107 1011 agebantur.

165 1011 284 1054 VIII.
344 1011 481 1066 Igitur
511 1011 704 1053 Priamus
742 1011 900 1053 relictis
930 1011 996 1052 his
1027 1025 1147 1053 senes
1178 1012 1331 1054 condu-
1355 1026 1385 1050 15

53 1068 130 1122 cit,
161 1067 417 1109 sententiam
445 1067 630 1109 filiorum
667 1067 823 1121 aperit,
863 1067 961 1108 dein
1000 1071 1195 1121 cunctos,
1234 1068 1335 1122 quid

53 1123 265 1179 agendum
303 1125 433 1176 esset,
474 1123 672 1165 consulit.
733 1122 805 1165 sed
843 1123 1091 1177 priusquam
1131 1137 1180 1164 ex
1219 1137 1335 1165 more

52 1179 288 1221 sententiae
327 1178 587 1233 dicerentur,
626 1179 763 1234 reguli
802 1181 976 1233 repente
1016 1179 1244 1221 concilium
1273 1179 1336 1220 in-

51 1238 258 1289 rumpunt
295 1238 422 1298 atque
463 1235 693 1276 inconditis
731 1235 920 1277 moribus
958 1235 1117 1276 malum
1156 1235 1336 1290 singulis

52 1291 319 1344 minitantur,
350 1291 386 1332 si
417 1291 551 1344 aliter,
591 1305 718 1345 quam
747 1291 850 1345 ipsis
881 1290 1105 1342 videretur,
1143 1291 1335 1333 decer-ne
1355 1306 1386 1330 ‘20

53 1349 161 1388 rent.
221 1346 393 1388 interim
414 1347 552 1388 omnis
582 1347 765 1401 populus
786 1347 961 1402 indigne
982 1347 1240 1388 admissam
1228 1347 1336 1388 miu-

53 1402 160 1444 riam
190 1404 317 1457 atque
354 1402 400 1443 in
437 1402 552 1444 hunc
591 1401 762 1444 modum
800 1403 935 1444 multa
973 1402 1056 1444 alia
1095 1417 1190 1444 cum
1221 1417 1336 1444 exse-

55 1461 245 1500 eratione
275 1457 576 1500 reclamabant.
638 1459 691 1500 ob
729 1472 837 1511 quae
867 1457 1109 1500 Alexander
1139 1458 1336 1512 cupidine

52 1513 184 1556 animi
213 1527 414 1577 praeceps
452 1514 630 1568 veritus,
669 1528 722 1556 ne
753 1514 855 1568 quid
885 1513 1106 1556 adversum
1137 1528 1180 1555 se
1211 1529 1235 1555 a
1264 1528 1337 1568 po-

52 1569 272 1633 pularibus
293 1569 486 1624 oriretur,
516 1570 695 1624 stipatus
716 1570 888 1611 armatis
909 1569 1110 1611 fratribus
1132 1570 1337 1624 impetum
1355 1583 1389 1608 25

55 1627 101 1667 in
131 1625 448 1667 multitudinem
475 1603 595 1679 l'acit,
626 1625 783 1668 multos
815 1627 1060 1667 obtruncat.
1092 1625 1245 1679 reliqui
1275 1626 1338 1666 in-

51 1683 250 1723 terventu
287 1695 534 1735 procerum,
579 1682 651 1734 qui
696 1681 741 1722 in
789 1681 966 1722 consilio
1005 1681 1194 1734 fuerant,
1234 1681 1337 1722 duce

55 1737 291 1778 liberantur
313 1738 544 1778 Antenore.
596 1737 656 1778 ita
685 1736 855 1778 infectis
885 1737 1010 1778 rebus
1031 1737 1216 1791 populus
1240 1750 1338 1778 con—

51 1792 235 1847 temptui
254 1792 426 1834 habitus
441 1807 530 1835 non
547 1792 638 1834 sine
653 1793 841 1847 pernicie
863 1807 937 1834 sua
953 1792 1125 1834 domum
1148 1792 1335 1834 discedit.

165 1847 240 1890 IX.
290 1847 402 1890 Dein
441 1851 584 1891 secuta
622 1849 688 1890 die
725 1863 798 1890 rex
837 1849 1010 1891 hortatu
1048 1848 1248 1890 Hecubae
1286 1848 1338 1889 ad
1356 1861 1388 1886 30

52 1903 263 1946 Helenam
294 1903 383 1946 adit
411 1918 588 1959 eamque
617 1904 802 1960 benigne
833 1905 1021 1946 salutans
1052 1904 1212 1946 bonum
1250 1905 1337 1946 ani-

55 1974 173 2001 mum
203 1960 268 2002 uti
305 1963 472 2015 gereret
508 1940 745 2003 hortatur:
755 1975 862 2016 quae
890 1961 1094 2015 cuiusque
1125 1963 1245 2014 esset,
1276 1974 1339 2002 re-

55 2016 199 2070 quirit.
258 2018 362 2058 tunc
397 2016 471 2058 illa
515 2017 749 2058 Alexandri
794 2031 838 2058 se
877 2017 1060 2058 adfinem
1106 2015 1336 2070 respondit,

57 2071 277 2135 magisque
298 2071 351 2113 ad
371 2071 588 2114 Priamum
610 2075 652 2114 et
671 2072 905 2127 Hecubam,
937 2087 1062 2128 quam
1084 2073 1136 2114 ad
1157 2072 1338 2114 Plisthe-

55 2127 122 2168 nis
142 2127 254 2169 filios
275 2141 430 2183 genere
459 2129 685 2183 pertinere,
716 2132 912 2184 repetens
943 2128 1135 2171 ordinem
1165 2142 1335 2170 omnem
1354 2139 1386 2165 35

146 2218 198 2251 IX
223 2217 350 2254 Malal.
378 2221 542 2252 120.121
570 2219 724 2252 Cedren.
753 2220 781 2252 P
807 2221 871 2252 124

147 2297 189 2329 16
215 2298 361 2340 appetit
387 2297 416 2330 G
470 2299 509 2331 19
528 2299 727 2331 Perizonius
749 2299 893 2331 coniecit
910 2297 1143 2337 clamoribus,
1161 2297 1214 2330 Jo.
1233 2295 1336 2338 casp.

58 2339 202 2374 Orelltus
224 2342 396 2381 uocibus,
429 2342 670 2376 murmuribus
693 2343 833 2385 Peiper.

1614 2403 1621 2545 ffl-‹v
1617 2350 1619 2382 .-
