1621 2550
473 93 621 128 Banu
644 93 848 126 TROIANI
873 93 964 126 ΜΒ.
992 95 1051 127 ιν.
1345 94 1396 136 81

233 191 370 235 XVII.
419 191 568 246 Itaque
599 205 649 232 ex
678 205 825 233 eorum
845 192 1056 233 sententia
1075 192 1250 234 biduum
1271 194 1398 236 inter-

120 249 327 313 positum,
368 262 453 312 quo
491 249 705 289 transacto
737 261 884 289 omnes
923 247 1048 290 duces
1078 262 1283 303 regesque
1314 251 1398 291 suis

121 305 300 360 quisque
337 303 543 346 militibus
581 303 799 345 instructis
838 304 1067 346 exercitum
1107 304 1306 346 ordinant
1340 309 1399 347 at—

122 375 204 416 que
234 360 287 402 ad
306 373 496 423 pugnam
517 359 689 400 vadunt.
730 359 775 400 ιιι
805 360 899 413 quis
920 359 1228 414 Neoptolemus
1249 374 1399 416 regens

122 415 286 458 medios
317 416 475 458 circum
502 430 545 457 se
567 414 858 470 Myrmidonas
889 416 1038 457 statuit
1065 419 1191 470 atque
1213 417 1398 470 Aiacem,
1418 430 1434 455 5

121 487 249 527 quem
295 471 526 513 adfinitatis
569 471 722 513 merito
767 472 955 526 parentis
1004 471 1098 513 loco
1144 472 1398 526 percolebat.

122 528 292 570 interim
330 528 506 570 Troiani
544 528 818 569 vehementer
854 542 1028 582 pavere,
1068 528 1250 569 maxime
1288 529 1401 582 quod

121 585 210 626 suis
249 584 295 626 in
329 584 417 626 dies
456 584 748 626 deficientibus
787 584 956 625 auxiliis
1003 598 1140 626 novus
1179 584 1402 625 adversum

122 655 167 682 se
210 640 332 682 miles
378 643 599 695 pararetur
642 653 737 681 cum
777 639 1051 681 memorando
1089 640 1214 681 duce:
1260 644 1403 682 tamen

122 696 332 750 Eurypyli
368 696 543 737 hortatu
581 710 697 736 arma
736 696 928 749 capiunt:
969 696 1004 736 is
1041 710 1224 751 namque
1256 696 1402 738 adiun-
1422 709 1454 733 10

122 752 202 794 ctis
231 765 373 793 secum
403 751 561 806 regulis
589 751 733 805 copias
763 765 858 792 suas
880 751 1076 793 Troianis
1097 753 1250 793 mixtas
1281 755 1405 806 porta

124 807 284 849 educit:
323 810 450 862 atque
489 807 550 848 ita
588 807 784 848 ordinata
822 807 910 849 acie
942 807 1126 849 medium
1157 822 1247 849 sese
1277 808 1402 849 locat.

120 867 213 906 tum
249 863 435 918 primum
470 865 638 905 Aeneas
684 866 832 926 parato
879 864 1109 905 certamine
1156 864 1270 905 intra
1316 880 1402 905 mu-

123 934 194 962 ros
230 923 375 961 manet
412 922 630 962 execratus
662 919 819 982 quippe
840 919 1072 961 Alexandri
1100 920 1266 962 facinus
1293 934 1404 962 com-

126 976 301 1018 missum
331 976 376 1017 in
407 976 666 1030 Apollinem,
698 990 816 1017 Culus
847 990 965 1017 sacra
995 976 1029 1017 is
1059 977 1285 1031 praecipue
1316 980 1404 1018 tue-
1424 988 1456 1013 15

123 1032 261 1074 batur.
321 1031 393 1073 sed
424 1032 497 1073 ubi
528 1032 698 1087 signum
736 1031 922 1073 bellandi
959 1032 1103 1073 datum
1135 1035 1214 1085 est,
1255 1047 1405 1073 manus

124 1090 356 1130 conserunt
400 1102 555 1143 magna
593 1103 635 1128 vi
674 1087 887 1142 utrimque
925 1087 1187 1129 decertantes
1233 1087 1406 1129 cadunt-

126 1157 208 1198 que
229 1143 415 1197 plurimi.
459 1144 632 1185 interim
652 1143 896 1198 Eurypylus
923 1144 1097 1185 obvium
1125 1144 1236 1186 forte
1256 1147 1406 1185 nactus

126 1199 358 1242 Peneleum
412 1199 637 1254 proturbat
682 1199 804 1241 hasta
849 1203 976 1254 atque
1019 1200 1232 1242 interficit.
1307 1200 1404 1241 inde

125 1255 260 1297 multo
298 1257 465 1297 saevior
502 1255 633 1297 Nirea
677 1269 903 1319 aggressus
942 1270 1124 1310 moxque
1167 1259 1405 1310 optruncat.
1425 1268 1458 1293 20

128 1312 297 1375 iamque
328 1312 560 1353 deturbatis
591 1312 663 1366 qui
694 1327 739 1353 111
769 1312 857 1353 acie
889 1314 1115 1365 steterant,
1147 1312 1307 1354 medios
1338 1326 1408 1367 ag-

127 1368 416 1424 gredlebatur:
449 1382 543 1409 cum
565 1367 873 1422 Neoptolemus
904 1382 947 1409 re
979 1369 1152 1424 cognita
1172 1368 1408 1410 comminus

127 1423 300 1466 advolat
334 1424 627 1478 deiectumque
659 1438 783 1465 curru
818 1423 985 1465 hostem
1017 1428 1059 1466 et
1088 1424 1178 1478 ipse
1211 1423 1409 1465 desiliens

162 1479 274 1522 ladio
312 1480 481 1535 inpigre
520 1480 732 1522 interficit.
794 1484 884 1521 tum
916 1480 1104 1522 ablatum
1135 1494 1313 1535 propere
1344 1494 1408 1521 ca-

127 1493 256 1578 &aver
294 1539 366 1591 atq
368 1550 420 1577 ue
467 1536 520 1577 ad
556 1551 686 1577 naves
729 1536 844 1577 iussu
884 1537 972 1577 eius
1011 1535 1232 1590 perlatum.
1288 1535 1408 1600 'quod
1427 1547 1459 1573 25

128 1592 201 1633 ubi
239 1592 575 1634 animadvertere
620 1592 808 1646 barbari,
856 1593 1009 1646 quibus
1047 1607 1140 1646 spes
1181 1593 1318 1633 omnis
1365 1592 1409 1633 in

126 1647 346 1702 Eurypylo
377 1648 535 1702 fuerat,
568 1649 658 1690 sine
690 1651 804 1690 certo
833 1648 980 1690 ordine
1011 1652 1084 1689 aut
1114 1651 1276 1689 rectore
1307 1648 1411 1703 fuga

126 1703 337 1758 proelium
376 1704 576 1745 deserunt
612 1707 738 1759 atque
785 1705 836 1745 ad
885 1718 1029 1746 muros
1065 1704 1278 1758 revolant,
1319 1707 1409 1746 tum

128 1760 301 1814 plurimi
331 1774 475 1801 eorum
506 1760 552 1801 ιιι
581 1759 685 1815 fuga
715 1760 938 1801 interfecti.

240 1815 401 1858 XVIII.
451 1816 590 1872 Igitur
619 1819 845 1871 postquam
866 1816 972 1858 fusis
993 1815 1185 1857 hostibus
1207 1815 1258 1857 ad
1279 1830 1408 1857 naves
1428 1826 1461 1852 30

129 1875 339 1914 revertere
372 1871 542 1926 Graeci,
574 1887 623 1914 ex
656 1873 824 1914 consilii
854 1872 1066 1914 sententia
1086 1871 1294 1926 Eurypyli
1326 1886 1410 1913 cre-

128 1931 245 1970 mata
274 1943 370 1970 ossa.
399 1932 525 1983 atque
555 1943 686 1970 urnae
717 1928 888 1970 condita
918 1929 1029 1983 patri
1059 1928 1302 1972 remittunt.
1335 1928 1411 1969 sci-

129 1984 231 2025 licet
259 1999 467 2026 memores
487 1985 790 2026 beneficiorum
815 1988 942 2040 atque
963 1985 1186 2026 amicitiae.
1239 1975 1411 2025 cremati

131 2040 258 2082 etiam
288 2055 364 2094 per
393 2055 491 2082 suos
521 2040 676 2083 Nireus
708 2044 834 2095 atque
857 2041 1078 2094 Peneleus,
1110 2055 1298 2082 seorsum
1329 2041 1412 2082 sin-

220 2223 239 2254 7
265 2222 581 2264 patiere—miles
610 2233 671 2255 om.
707 2222 769 2255 ΕΒ
798 2223 942 2264 praebet
967 2223 1002 2254 V
1092 2224 1132 2255 10
1161 2223 1194 2255 is
1222 2223 1318 2254 addit
1347 2221 1418 2253 PV

133 2267 174 2300 13
200 2270 394 2309 aspernato
425 2268 490 2300 VP
564 2269 604 2300 15
630 2267 791 2310 apolline
818 2267 880 2299 ΕΒ
904 2278 995 2303 corr.
1029 2269 1092 2299 VP
1114 2268 1160 2307 cf.
1189 2278 1222 2309 p.
1244 2268 1298 2307 92,
1326 2266 1368 2297 -28

132 2313 180 2345 20
195 2321 307 2344 nerea
326 2311 388 2344 ΕΒ
412 2313 521 2345 Nirea
541 2314 572 2345 P
638 2314 678 2345 21
698 2313 1010 2355 aggrediebantur
1029 2313 1057 2345 Ε
1126 2314 1168 2345 34
1186 2321 1317 2344 nereus
1339 2310 1412 2343 ΕΒ.

198 2371 320 2399 Dic-trs.
1192 2374 1211 2404 6
