1621 2550
485 108 634 142 BELLI
657 107 857 141 TROIANI
881 107 973 140 LIB.
998 109 1056 144 VI.
1338 109 1417 150 109

135 210 363 251 cesserant.
414 207 558 262 itaque
586 207 765 248 Acastus
795 206 868 247 ubi
898 220 942 247 se
972 209 1140 260 praeter
1168 221 1285 261 spem
1315 208 1415 251 libe-

135 267 276 306 ratum
305 262 617 315 animadvertit,
648 265 801 325 sponte
833 265 875 303 et
904 263 949 303 in
980 262 1074 304 1060
1106 266 1258 304 cuncta
1293 266 1414 319 regni

136 319 422 375 Neoptolemo
451 318 594 382 tradit.
626 317 725 359 inde
755 318 921 359 iuvenis
943 331 1036 359 611111
1059 333 1139 360 avo
1170 332 1218 360 ac
1239 318 1415 361 Thetide

137 375 410 430 reliquisque,
440 374 514 429 qui
543 388 685 416 secum
706 374 1026 429 navigaverant,
1057 388 1264 416 summam
1295 377 1415 430 regni

136 431 314 486 adeptus
345 446 391 473 111
421 431 638 472 civitatem
669 430 798 472 venit.
858 430 919 472 ibi
956 444 981 471 a
1010 431 1173 471 cunctis
1203 431 1449 494 populari-5

133 488 214 530 bus
244 487 401 542 quique
432 487 551 528 iuxta
574 486 864 528 inhabitantes
894 487 971 528 sub
996 486 1174 540 imperio
1205 487 1293 528 eius
1321 501 1416 543 age-

134 543 251 597 bant,
282 543 466 599 benigne
498 546 541 584 et
567 557 663 584 cum
684 543 970 598 gratulatione
1000 546 1199 597 exceptus
1230 558 1416 585 amorem

134 600 202 642 sui
230 600 350 641 brevi
380 599 616 641 confirmat.

247 655 300 697 X.
360 655 477 698 Haec
515 669 594 711 ego
632 657 785 696 cuncta
829 655 881 696 ab
920 654 1206 709 Neoptolemo
1245 655 1418 710 cognita

136 711 243 753 mihi
273 712 501 754 memoriae
531 711 729 752 mandavi
767 711 926 752 accitus
956 711 1008 752 ab
1040 725 1110 764 eo,
1146 725 1230 764 qua
1258 714 1418 765 tempe·
1437 722 1468 746 10

137 770 248 809 state
285 767 563 809 Hermionam
603 765 786 808 Menelai
831 767 877 808 in
922 767 1242 808 matrimonium
1280 781 1417 808 susce-

138 825 274 878 perat.
325 823 378 865 ab
408 837 458 865 eo
491 823 620 864 etiam
640 822 690 864 de
720 823 911 877 reliquiis
932 821 1174 864 Memnonis
1197 823 1418 878 cognitum

136 879 263 933 mihi,
302 879 366 921 uti
394 879 551 921 tradita
591 893 687 920 ossa
725 879 814 920 eius
851 878 963 933 apud
993 878 1189 933 Paphum
1223 879 1312 933 his,
1345 879 1418 934 qui

107 936 232 977 ’611111
252 935 446 977 Pallante
478 935 582 976 duce
612 934 854 977 Memnonis
882 949 997 976 mare
1033 935 1086 976 ad
1116 934 1289 976 Troiam
1323 950 1419 989 pro-

133 991 237 1034 fecti
283 991 457 1034 ductore
509 991 734 1033 interfecto
789 992 1014 1046 ablataque
1061 991 1218 1046 praeda
1260 991 1417 1033 ibidem
1439 1000 1469 1025 15

135 1048 431 1090 morabantur:
462 1051 593 1102 utque
619 1047 805 1100 Himera,
838 1062 965 1102 quani
994 1047 1193 1089 nonnulli
1223 1050 1416 1089 materno

134 1104 308 1145 nomine
338 1103 558 1145 Hemeram
595 1103 887 1158 appellabant,
928 1118 1049 1145 soror
1085 1103 1326 1145 Memnonis
1365 1103 1417 1144 ad

135 1159 480 1215 investigandum
511 1159 689 1201 cadaver
717 1159 861 1201 fratris
893 1174 941 1201 eo
971 1159 1162 1214 profecta
1192 1162 1418 1214 postquam

133 1215 336 1270 reliquias
365 1215 554 1270 repperit
581 1219 623 1257 et
644 1215 694 1257 de
725 1216 962 1270 intercepta
991 1216 1147 1270 praeda
1176 1215 1418 1257 Memnonis

133 1272 275 1335 palam
313 1272 352 1313 ei
396 1271 558 1313 factum
606 1274 689 1326 est,
738 1275 964 1336 utrumque
1011 1273 1196 1326 recipeie
1244 1272 1418 1326 cupiens
1437 1281 1470 1306 20

135 1328 369 1370 intercessu
406 1327 691 1382 Phoenicum,
737 1329 810 1383 qui
847 1329 893 1369 in
931 1343 980 1370 eo
1020 1329 1207 1370 exercitu
1245 1328 1418 1382 plurimi

136 1383 329 1438 fuerant,
368 1385 588 1438 optionem
627 1399 768 1426 rerum
807 1385 998 1426 omnium
1037 1399 1085 1426 ac
1115 1398 1305 1426 seorsum
1336 1384 1418 1426 fra-

133 1440 212 1482 tris
250 1440 479 1495 acceperit,
518 1440 790 1495 praelataque
836 1441 1058 1496 sanguinis
1095 1441 1318 1482 affectione
1357 1454 1419 1482 re-

138 1496 262 1551 cepta
299 1511 409 1538 urna
437 1496 696 1538 Phoenicem
734 1497 1021 1552 navigaverit:
1062 1496 1202 1538 delata
1238 1496 1335 1538 dein
1366 1496 1419 1538 ad

134 1553 355 1616 regionem
394 1553 484 1594 61113
522 1552 772 1594 Phalliotim
811 1554 984 1595 nomine
1024 1553 1285 1616 sepultisque
1323 1552 1418 1594 reli·
1437 1561 1469 1587 25

135 1609 248 1663 quiis
284 1609 429 1651 fratris
474 1623 684 1664 nusquam
729 1612 903 1664 repente
950 1609 1253 1664 comparuerit:
1300 1609 1419 1650 cuius

136 1665 283 1719 opinio
314 1667 463 1707 exorta
491 1665 647 1719 triplex
656 1698 667 1719 ‚
706 1680 779 1707 seu
820 1665 933 1720 quod
962 1669 1061 1720 post
1090 1679 1286 1707 occasum
1317 1664 1418 1706 solis

134 1734 232 1762 cum
276 1724 411 1763 matre
459 1721 636 1763 Himera
683 1735 733 1762 ex
778 1726 1009 1776 conspectu
1054 1721 1242 1763 hominis
1281 1735 1419 1762 exces-

137 1777 261 1831 serit,
300 1777 389 1819 sive
427 1791 553 1832 super
600 1777 775 1819 modum
820 1778 966 1819 dolore
1013 1778 1163 1819 affecta
1206 1777 1419 1819 fraternae

133 1833 285 1875 mortis
329 1833 443 1876 ultro
487 1833 725 1876 recesserit:
777 1834 845 1875 vel
895 1834 947 1876 ab
996 1833 1085 1888 his,
1141 1834 1214 1888 qui
1262 1833 1417 1875 incole·
1437 1844 1470 1869 30

136 1889 261 1944 bant',
301 1890 356 1932 ob
395 1889 631 1945 eripienda,
671 1904 778 1945 qnae
809 1904 951 1932 secum
984 1890 1211 1944 habuerat,
1244 1890 1419 1931 circum-

226 2105 246 2135 2
272 2103 391 2137 1111060
425 2104 453 2137 G
505 2104 627 2137 inluco
658 2105 692 2136 B
744 2104 856 2138 inlico
882 2106 914 2137 P
1016 2108 1036 2138 3
1063 2105 1231 2138 achatide
1260 2105 1288 2138 G
1333 2114 1420 2137 acu-

136 2147 211 2181 tide
238 2148 270 2181 Β
330 2152 439 2191 atque
477 2149 633 2182 Thetide
671 2150 702 2182 P
817 2152 858 2183 13
894 2150 992 2192 apud
1029 2150 1209 2193 phaphum
1237 2150 1264 2182 G
1324 2149 1420 2192 apud

137 2193 295 2236 paphum
328 2193 360 2225 B
399 2194 496 2237 apud
528 2194 696 2226 Rhodum
728 2197 874 2228 coniecit
900 2196 1110 2228 Dedericlms
1203 2197 1244 2227 14
1272 2196 1363 2227 mari
1387 2194 1421 2226 B

138 2240 179 2270 17
205 2237 372 2271 helenam
400 2239 462 2272 GB
487 2250 578 2273 cor-r.
612 2241 645 2272 in
670 2241 766 2273 editt.
790 2245 870 2273 vett.
971 2242 1013 2273 25
1038 2239 1241 2283 phalliotim
1268 2240 1295 2272 G
1342 2238 1419 2282 pal-

135 2281 274 2316 liochin
306 2283 339 2316 B
437 2285 481 2318 28
512 2284 694 2317 hominum
720 2285 753 2317 P
847 2287 890 2318 29
920 2295 1030 2328 supra
1062 2286 1094 2317 P
1183 2288 1226 2319 30
1252 2294 1420 2327 praeces-

137 2328 228 2360 serit
259 2327 322 2362 GB
376 2339 556 2372 praeceps
580 2330 666 2362 ierit
690 2331 723 2362 P
745 2341 806 2363 nos
830 2331 1037 2364 recesserit.
