<?xml version="1.0" encoding="UTF-8"?>
<!DOCTYPE html PUBLIC "-//W3C//DTD XHTML 1.0 Transitional//EN"
    "http://www.w3.org/TR/xhtml1/DTD/xhtml1-transitional.dtd">
<html xmlns="http://www.w3.org/1999/xhtml" xml:lang="en" lang="en">
 <head>
  <title>
</title>
<meta http-equiv="Content-Type" content="text/html;charset=utf-8" />
  <meta name='ocr-system' content='tesseract 3.04.00' />
  <meta name='ocr-capabilities' content='ocr_page ocr_carea ocr_par ocr_line ocrx_word'/>
</head>
<body>
  <div class='ocr_page' id='page_1' title='image "./ephemeridosbelli00dictuoft_0091.png"; bbox 0 0 1621 2550; ppageno 0'>
   <div class='ocr_carea' id='block_1_1' title="bbox 452 89 1380 132">
    <p class='ocr_par' dir='ltr' id='par_1_1' title="bbox 452 89 1380 132">
     <span class='ocr_line' id='line_1_1' title="bbox 452 89 1380 132; baseline 0.002 -9"><span class='ocrx_word' id='word_1_1' title='bbox 452 90 601 124; x_wconf 84' lang='lat' dir='ltr'><strong>BELLI</strong></span> <span class='ocrx_word' id='word_1_2' title='bbox 624 89 824 123; x_wconf 84' lang='lat' dir='ltr'>TROIANI</span> <span class='ocrx_word' id='word_1_3' title='bbox 848 89 942 122; x_wconf 87' lang='lat' dir='ltr'><strong>LIB.</strong></span> <span class='ocrx_word' id='word_1_4' title='bbox 967 89 1028 121; x_wconf 88' lang='lat' dir='ltr'><strong>IV.</strong></span> <span class='ocrx_word' id='word_1_5' title='bbox 1331 91 1380 132; x_wconf 75' lang='grc'><strong>71</strong></span> 
     </span>
    </p>
   </div>
   <div class='ocr_carea' id='block_1_2' title="bbox 105 186 1442 1801">
    <p class='ocr_par' dir='ltr' id='par_1_2' title="bbox 105 186 1418 578">
     <span class='ocr_line' id='line_1_2' title="bbox 108 186 1381 243; baseline 0 -12"><span class='ocrx_word' id='word_1_6' title='bbox 108 189 273 233; x_wconf 75' lang='lat' dir='ltr'><strong>Achille</strong></span> <span class='ocrx_word' id='word_1_7' title='bbox 311 193 354 232; x_wconf 90' lang='lat' dir='ltr'><strong>et</strong></span> <span class='ocrx_word' id='word_1_8' title='bbox 389 189 563 243; x_wconf 89' lang='lat' dir='ltr'><strong>reliquis</strong></span> <span class='ocrx_word' id='word_1_9' title='bbox 603 186 780 228; x_wconf 90' lang='lat' dir='ltr'><strong>ducibus</strong></span> <span class='ocrx_word' id='word_1_10' title='bbox 810 190 1085 242; x_wconf 80' lang='lat' dir='ltr'>pugnaretur.</span> <span class='ocrx_word' id='word_1_11' title='bbox 1145 189 1226 230; x_wconf 88' lang='lat' dir='ltr'><strong>hoc</strong></span> <span class='ocrx_word' id='word_1_12' title='bbox 1256 190 1381 231; x_wconf 91' lang='lat' dir='ltr'><strong>modo</strong></span> 
     </span>
     <span class='ocr_line' id='line_1_3' title="bbox 107 243 1383 298; baseline -0.002 -10"><span class='ocrx_word' id='word_1_13' title='bbox 107 246 311 288; x_wconf 79' lang='lat' dir='ltr'><strong>instructo</strong></span> <span class='ocrx_word' id='word_1_14' title='bbox 332 245 544 298; x_wconf 78' lang='lat' dir='ltr'><strong>utrimque</strong></span> <span class='ocrx_word' id='word_1_15' title='bbox 575 243 761 284; x_wconf 79' lang='lat' dir='ltr'><strong>exercitu</strong></span> <span class='ocrx_word' id='word_1_16' title='bbox 790 243 1016 284; x_wconf 84' lang='lat' dir='ltr'><strong>conflixere</strong></span> <span class='ocrx_word' id='word_1_17' title='bbox 1046 243 1168 285; x_wconf 89' lang='lat' dir='ltr'><strong>acies.</strong></span> <span class='ocrx_word' id='word_1_18' title='bbox 1229 246 1383 286; x_wconf 86' lang='lat' dir='ltr'><strong>cadunt</strong></span> 
     </span>
     <span class='ocr_line' id='line_1_4' title="bbox 106 298 1384 356; baseline -0.002 -13"><span class='ocrx_word' id='word_1_19' title='bbox 106 301 271 356; x_wconf 74' lang='lat' dir='ltr'>sagittis</span> <span class='ocrx_word' id='word_1_20' title='bbox 301 301 473 356; x_wconf 87' lang='lat' dir='ltr'><strong>reginae</strong></span> <span class='ocrx_word' id='word_1_21' title='bbox 503 299 676 354; x_wconf 88' lang='lat' dir='ltr'><strong>plurimi</strong></span> <span class='ocrx_word' id='word_1_22' title='bbox 706 312 843 352; x_wconf 90' lang='lat' dir='ltr'><strong>neque</strong></span> <span class='ocrx_word' id='word_1_23' title='bbox 874 299 927 339; x_wconf 91' lang='lat' dir='ltr'><strong>ab</strong></span> <span class='ocrx_word' id='word_1_24' title='bbox 948 298 1120 340; x_wconf 88' lang='lat' dir='ltr'><strong>Teucris</strong></span> <span class='ocrx_word' id='word_1_25' title='bbox 1150 313 1268 340; x_wconf 87' lang='lat' dir='ltr'><strong>secus</strong></span> <span class='ocrx_word' id='word_1_26' title='bbox 1298 300 1384 341; x_wconf 88' lang='lat' dir='ltr'><strong>bel-</strong></span> 
     </span>
     <span class='ocr_line' id='line_1_5' title="bbox 107 353 1383 409; baseline -0.002 -11"><span class='ocrx_word' id='word_1_27' title='bbox 107 356 253 398; x_wconf 75' lang='lat' dir='ltr'><strong>latum,</strong></span> <span class='ocrx_word' id='word_1_28' title='bbox 309 356 480 398; x_wconf 87' lang='lat' dir='ltr'><strong>interim</strong></span> <span class='ocrx_word' id='word_1_29' title='bbox 517 354 670 396; x_wconf 83' lang='lat' dir='ltr'><strong>Aiaces</strong></span> <span class='ocrx_word' id='word_1_30' title='bbox 709 357 751 395; x_wconf 90' lang='lat' dir='ltr'><strong>et</strong></span> <span class='ocrx_word' id='word_1_31' title='bbox 790 354 862 407; x_wconf 87' lang='lat' dir='ltr'><strong>qui</strong></span> <span class='ocrx_word' id='word_1_32' title='bbox 893 367 989 394; x_wconf 89' lang='lat' dir='ltr'><strong>cum</strong></span> <span class='ocrx_word' id='word_1_33' title='bbox 1018 353 1084 395; x_wconf 91' lang='lat' dir='ltr'><strong>his</strong></span> <span class='ocrx_word' id='word_1_34' title='bbox 1120 359 1241 396; x_wconf 86' lang='lat' dir='ltr'><strong>erant</strong></span> <span class='ocrx_word' id='word_1_35' title='bbox 1270 357 1383 409; x_wconf 86' lang='lat' dir='ltr'><strong>pedi-</strong></span> 
     </span>
     <span class='ocr_line' id='line_1_6' title="bbox 106 408 1418 466; baseline -0.002 -13"><span class='ocrx_word' id='word_1_36' title='bbox 106 414 192 465; x_wconf 81' lang='lat' dir='ltr'><strong>tes,</strong></span> <span class='ocrx_word' id='word_1_37' title='bbox 223 415 368 453; x_wconf 81' lang='lat' dir='ltr'><strong>contra</strong></span> <span class='ocrx_word' id='word_1_38' title='bbox 397 425 504 466; x_wconf 88' lang='lat' dir='ltr'><strong>quos</strong></span> <span class='ocrx_word' id='word_1_39' title='bbox 534 413 757 460; x_wconf 88' lang='lat' dir='ltr'><strong>steterant,</strong></span> <span class='ocrx_word' id='word_1_40' title='bbox 797 408 968 450; x_wconf 82' lang='lat' dir='ltr'>caedere</span> <span class='ocrx_word' id='word_1_41' title='bbox 999 423 1046 450; x_wconf 92' lang='lat' dir='ltr'><strong>ac</strong></span> <span class='ocrx_word' id='word_1_42' title='bbox 1076 414 1283 452; x_wconf 86' lang='lat' dir='ltr'><strong>restantes</strong></span> <span class='ocrx_word' id='word_1_43' title='bbox 1316 412 1383 452; x_wconf 87' lang='lat' dir='ltr'><strong>de·</strong></span> <span class='ocrx_word' id='word_1_44' title='bbox 1402 426 1418 450; x_wconf 85' lang='lat'>5</span> 
     </span>
     <span class='ocr_line' id='line_1_7' title="bbox 105 465 1382 519; baseline 0 -11"><span class='ocrx_word' id='word_1_45' title='bbox 105 466 275 509; x_wconf 83' lang='lat' dir='ltr'><strong>trudere</strong></span> <span class='ocrx_word' id='word_1_46' title='bbox 322 467 595 519; x_wconf 83' lang='lat' dir='ltr'><strong>umbonibus,</strong></span> <span class='ocrx_word' id='word_1_47' title='bbox 645 479 827 519; x_wconf 81' lang='lat' dir='ltr'><strong>moxque</strong></span> <span class='ocrx_word' id='word_1_48' title='bbox 878 465 1070 519; x_wconf 87' lang='lat' dir='ltr'><strong>repulsos</strong></span> <span class='ocrx_word' id='word_1_49' title='bbox 1116 466 1382 508; x_wconf 85' lang='lat' dir='ltr'><strong>obtruncare.</strong></span> 
     </span>
     <span class='ocr_line' id='line_1_8' title="bbox 106 521 1262 578; baseline -0.002 -14"><span class='ocrx_word' id='word_1_50' title='bbox 106 537 266 578; x_wconf 90' lang='lat' dir='ltr'><strong>neque,</strong></span> <span class='ocrx_word' id='word_1_51' title='bbox 297 522 435 577; x_wconf 83' lang='lat' dir='ltr'><strong>quoad</strong></span> <span class='ocrx_word' id='word_1_52' title='bbox 465 522 625 564; x_wconf 82' lang='lat' dir='ltr'>deletae</span> <span class='ocrx_word' id='word_1_53' title='bbox 656 521 846 575; x_wconf 88' lang='lat' dir='ltr'><strong>peditum</strong></span> <span class='ocrx_word' id='word_1_54' title='bbox 877 521 1043 574; x_wconf 84' lang='lat' dir='ltr'><strong>copiae,</strong></span> <span class='ocrx_word' id='word_1_55' title='bbox 1076 521 1172 562; x_wconf 88' lang='lat' dir='ltr'><strong>finis</strong></span> <span class='ocrx_word' id='word_1_56' title='bbox 1202 522 1262 562; x_wconf 82' lang='lat' dir='ltr'><strong>fit.</strong></span> 
     </span>
    </p>

    <p class='ocr_par' dir='ltr' id='par_1_3' title="bbox 106 576 1442 1801">
     <span class='ocr_line' id='line_1_9' title="bbox 218 576 1387 630; baseline -0.002 -10"><span class='ocrx_word' id='word_1_57' title='bbox 218 577 296 620; x_wconf 93' lang='grc' dir='ltr'><strong>ΠΙ.</strong></span> <span class='ocrx_word' id='word_1_58' title='bbox 356 578 543 620; x_wconf 87' lang='lat' dir='ltr'><strong>Achilles</strong></span> <span class='ocrx_word' id='word_1_59' title='bbox 589 578 701 618; x_wconf 85' lang='lat' dir='ltr'><strong>inter</strong></span> <span class='ocrx_word' id='word_1_60' title='bbox 739 577 930 630; x_wconf 90' lang='lat' dir='ltr'><strong>equitum</strong></span> <span class='ocrx_word' id='word_1_61' title='bbox 966 580 1126 618; x_wconf 87' lang='lat' dir='ltr'><strong>turmas</strong></span> <span class='ocrx_word' id='word_1_62' title='bbox 1166 576 1387 618; x_wconf 87' lang='lat' dir='ltr'><strong>Penthesi-</strong></span> 
     </span>
     <span class='ocr_line' id='line_1_10' title="bbox 107 631 1387 687; baseline -0.002 -11"><span class='ocrx_word' id='word_1_63' title='bbox 107 634 217 676; x_wconf 88' lang='lat' dir='ltr'><strong>leam</strong></span> <span class='ocrx_word' id='word_1_64' title='bbox 253 637 403 676; x_wconf 88' lang='lat' dir='ltr'><strong>nactus</strong></span> <span class='ocrx_word' id='word_1_65' title='bbox 432 634 554 675; x_wconf 87' lang='lat' dir='ltr'><strong>hasta</strong></span> <span class='ocrx_word' id='word_1_66' title='bbox 583 632 710 687; x_wconf 90' lang='lat' dir='ltr'><strong>petit,</strong></span> <span class='ocrx_word' id='word_1_67' title='bbox 749 646 886 686; x_wconf 89' lang='lat' dir='ltr'><strong>neque</strong></span> <span class='ocrx_word' id='word_1_68' title='bbox 925 631 1140 673; x_wconf 89' lang='lat' dir='ltr'><strong>difficilius</strong></span> <span class='ocrx_word' id='word_1_69' title='bbox 1171 647 1298 687; x_wconf 89' lang='lat' dir='ltr'><strong>quam</strong></span> <span class='ocrx_word' id='word_1_70' title='bbox 1328 634 1387 674; x_wconf 87' lang='lat' dir='ltr'><strong>fe-</strong></span> 
     </span>
     <span class='ocr_line' id='line_1_11' title="bbox 107 688 1439 743; baseline -0.002 -13"><span class='ocrx_word' id='word_1_71' title='bbox 107 690 267 731; x_wconf 81' lang='lat' dir='ltr'><strong>minam</strong></span> <span class='ocrx_word' id='word_1_72' title='bbox 305 704 413 743; x_wconf 90' lang='lat' dir='ltr'><strong>equo</strong></span> <span class='ocrx_word' id='word_1_73' title='bbox 445 689 639 730; x_wconf 88' lang='lat' dir='ltr'><strong>deturbat</strong></span> <span class='ocrx_word' id='word_1_74' title='bbox 668 702 797 728; x_wconf 90' lang='lat' dir='ltr'><strong>manu</strong></span> <span class='ocrx_word' id='word_1_75' title='bbox 837 688 1185 741; x_wconf 85' lang='lat' dir='ltr'><strong>conprehendens</strong></span> <span class='ocrx_word' id='word_1_76' title='bbox 1223 703 1386 730; x_wconf 88' lang='lat' dir='ltr'><strong>comam</strong></span> <span class='ocrx_word' id='word_1_77' title='bbox 1408 703 1439 727; x_wconf 77' lang='grc' dir='ltr'><strong>ιο</strong></span> 
     </span>
     <span class='ocr_line' id='line_1_12' title="bbox 106 743 1387 799; baseline -0.001 -13"><span class='ocrx_word' id='word_1_78' title='bbox 106 747 234 798; x_wconf 85' lang='lat' dir='ltr'><strong>atque</strong></span> <span class='ocrx_word' id='word_1_79' title='bbox 265 745 325 785; x_wconf 92' lang='lat' dir='ltr'><strong>ita</strong></span> <span class='ocrx_word' id='word_1_80' title='bbox 354 745 540 799; x_wconf 75' lang='lat' dir='ltr'><strong>graviter</strong></span> <span class='ocrx_word' id='word_1_81' title='bbox 569 743 834 784; x_wconf 77' lang='lat' dir='ltr'><strong>vulneratam</strong></span> <span class='ocrx_word' id='word_1_82' title='bbox 872 743 1111 784; x_wconf 84' lang='lat' dir='ltr'><strong>detrahens.</strong></span> <span class='ocrx_word' id='word_1_83' title='bbox 1171 744 1283 798; x_wconf 88' lang='lat' dir='ltr'><strong>quod</strong></span> <span class='ocrx_word' id='word_1_84' title='bbox 1314 745 1387 786; x_wconf 92' lang='lat' dir='ltr'><strong>ubi</strong></span> 
     </span>
     <span class='ocr_line' id='line_1_13' title="bbox 106 799 1387 853; baseline 0 -12"><span class='ocrx_word' id='word_1_85' title='bbox 106 800 244 841; x_wconf 82' lang='lat' dir='ltr'><strong>visum</strong></span> <span class='ocrx_word' id='word_1_86' title='bbox 280 803 362 853; x_wconf 88' lang='lat' dir='ltr'><strong>est,</strong></span> <span class='ocrx_word' id='word_1_87' title='bbox 407 803 498 841; x_wconf 87' lang='lat' dir='ltr'><strong>tum</strong></span> <span class='ocrx_word' id='word_1_88' title='bbox 535 813 635 840; x_wconf 79' lang='lat' dir='ltr'><strong>vero</strong></span> <span class='ocrx_word' id='word_1_89' title='bbox 680 799 841 840; x_wconf 89' lang='lat' dir='ltr'><strong>nullam</strong></span> <span class='ocrx_word' id='word_1_90' title='bbox 887 812 1004 852; x_wconf 87' lang='lat' dir='ltr'><strong>spem</strong></span> <span class='ocrx_word' id='word_1_91' title='bbox 1048 799 1094 839; x_wconf 89' lang='lat' dir='ltr'><strong>in</strong></span> <span class='ocrx_word' id='word_1_92' title='bbox 1140 800 1268 840; x_wconf 89' lang='lat' dir='ltr'><strong>armis</strong></span> <span class='ocrx_word' id='word_1_93' title='bbox 1306 801 1387 841; x_wconf 84' lang='lat' dir='ltr'><strong>rati</strong></span> 
     </span>
     <span class='ocr_line' id='line_1_14' title="bbox 108 854 1389 910; baseline 0 -14"><span class='ocrx_word' id='word_1_94' title='bbox 108 855 255 910; x_wconf 85' lang='lat' dir='ltr'><strong>fugam</strong></span> <span class='ocrx_word' id='word_1_95' title='bbox 284 855 468 898; x_wconf 86' lang='lat' dir='ltr'><strong>faciunt:</strong></span> <span class='ocrx_word' id='word_1_96' title='bbox 501 855 736 909; x_wconf 83' lang='lat' dir='ltr'><strong>clausisque</strong></span> <span class='ocrx_word' id='word_1_97' title='bbox 757 854 942 896; x_wconf 82' lang='lat' dir='ltr'><strong>civitatis</strong></span> <span class='ocrx_word' id='word_1_98' title='bbox 963 855 1097 908; x_wconf 84' lang='lat' dir='ltr'><strong>portis</strong></span> <span class='ocrx_word' id='word_1_99' title='bbox 1127 856 1264 896; x_wconf 84' lang='lat' dir='ltr'><strong>nostri</strong></span> <span class='ocrx_word' id='word_1_100' title='bbox 1295 855 1389 896; x_wconf 87' lang='lat' dir='ltr'><strong>reli-</strong></span> 
     </span>
     <span class='ocr_line' id='line_1_15' title="bbox 107 910 1386 966; baseline 0 -13"><span class='ocrx_word' id='word_1_101' title='bbox 107 925 226 966; x_wconf 85' lang='lat' dir='ltr'><strong>quos,</strong></span> <span class='ocrx_word' id='word_1_102' title='bbox 251 925 358 965; x_wconf 91' lang='lat' dir='ltr'><strong>quos</strong></span> <span class='ocrx_word' id='word_1_103' title='bbox 381 911 486 966; x_wconf 86' lang='lat' dir='ltr'><strong>fuga</strong></span> <span class='ocrx_word' id='word_1_104' title='bbox 509 911 621 952; x_wconf 90' lang='lat' dir='ltr'><strong>bello</strong></span> <span class='ocrx_word' id='word_1_105' title='bbox 647 912 871 963; x_wconf 84' lang='lat' dir='ltr'><strong>exemerat,</strong></span> <span class='ocrx_word' id='word_1_106' title='bbox 904 910 1084 952; x_wconf 86' lang='lat' dir='ltr'><strong>insecuti</strong></span> <span class='ocrx_word' id='word_1_107' title='bbox 1118 911 1386 964; x_wconf 85' lang='lat' dir='ltr'><strong>obtruncant,</strong></span> 
     </span>
     <span class='ocr_line' id='line_1_16' title="bbox 107 967 1439 1021; baseline -0.002 -13"><span class='ocrx_word' id='word_1_108' title='bbox 107 967 278 1008; x_wconf 88' lang='lat' dir='ltr'><strong>feminis</strong></span> <span class='ocrx_word' id='word_1_109' title='bbox 298 970 443 1009; x_wconf 85' lang='lat' dir='ltr'><strong>tamen</strong></span> <span class='ocrx_word' id='word_1_110' title='bbox 463 967 725 1008; x_wconf 84' lang='lat' dir='ltr'><strong>abstinentes</strong></span> <span class='ocrx_word' id='word_1_111' title='bbox 755 980 905 1007; x_wconf 89' lang='lat' dir='ltr'><strong>manus</strong></span> <span class='ocrx_word' id='word_1_112' title='bbox 925 970 1230 1021; x_wconf 88' lang='lat' dir='ltr'><strong>parcentesque</strong></span> <span class='ocrx_word' id='word_1_113' title='bbox 1255 968 1386 1008; x_wconf 80' lang='lat' dir='ltr'><strong>sexui.</strong></span> <span class='ocrx_word' id='word_1_114' title='bbox 1408 981 1439 1007; x_wconf 87' lang='lat'><strong>15</strong></span> 
     </span>
     <span class='ocr_line' id='line_1_17' title="bbox 110 1022 1388 1077; baseline 0 -13"><span class='ocrx_word' id='word_1_115' title='bbox 110 1023 208 1064; x_wconf 90' lang='lat' dir='ltr'><strong>dein</strong></span> <span class='ocrx_word' id='word_1_116' title='bbox 247 1023 310 1064; x_wconf 91' lang='lat' dir='ltr'><strong>uti</strong></span> <span class='ocrx_word' id='word_1_117' title='bbox 348 1023 526 1077; x_wconf 88' lang='lat' dir='ltr'><strong>quisque</strong></span> <span class='ocrx_word' id='word_1_118' title='bbox 564 1023 719 1075; x_wconf 81' lang='lat' dir='ltr'><strong>victor,</strong></span> <span class='ocrx_word' id='word_1_119' title='bbox 759 1022 997 1063; x_wconf 85' lang='lat' dir='ltr'><strong>interfectis</strong></span> <span class='ocrx_word' id='word_1_120' title='bbox 1027 1036 1133 1076; x_wconf 92' lang='lat' dir='ltr'><strong>quos</strong></span> <span class='ocrx_word' id='word_1_121' title='bbox 1163 1023 1388 1064; x_wconf 83' lang='lat' dir='ltr'><strong>advorsum</strong></span> 
     </span>
     <span class='ocr_line' id='line_1_18' title="bbox 108 1077 1389 1134; baseline 0 -14"><span class='ocrx_word' id='word_1_122' title='bbox 108 1078 267 1131; x_wconf 82' lang='lat' dir='ltr'><strong>ierant,</strong></span> <span class='ocrx_word' id='word_1_123' title='bbox 306 1077 643 1134; x_wconf 87' lang='lat' dir='ltr'><strong>regrediebatur,</strong></span> <span class='ocrx_word' id='word_1_124' title='bbox 682 1077 997 1119; x_wconf 88' lang='lat' dir='ltr'><strong>Penthesileam</strong></span> <span class='ocrx_word' id='word_1_125' title='bbox 1037 1078 1173 1119; x_wconf 77' lang='lat' dir='ltr'><strong>visere</strong></span> <span class='ocrx_word' id='word_1_126' title='bbox 1212 1079 1389 1120; x_wconf 89' lang='lat' dir='ltr'><strong>semine-</strong></span> 
     </span>
     <span class='ocr_line' id='line_1_19' title="bbox 106 1133 1389 1187; baseline 0 -12"><span class='ocrx_word' id='word_1_127' title='bbox 106 1147 197 1175; x_wconf 86' lang='lat' dir='ltr'><strong>cem</strong></span> <span class='ocrx_word' id='word_1_128' title='bbox 239 1134 368 1175; x_wconf 89' lang='lat' dir='ltr'><strong>etiam</strong></span> <span class='ocrx_word' id='word_1_129' title='bbox 405 1148 520 1175; x_wconf 90' lang='lat' dir='ltr'><strong>nunc</strong></span> <span class='ocrx_word' id='word_1_130' title='bbox 558 1133 840 1187; x_wconf 87' lang='lat' dir='ltr'><strong>admirarique</strong></span> <span class='ocrx_word' id='word_1_131' title='bbox 879 1133 1108 1174; x_wconf 86' lang='lat' dir='ltr'><strong>audaciam.</strong></span> <span class='ocrx_word' id='word_1_132' title='bbox 1177 1134 1236 1175; x_wconf 90' lang='lat' dir='ltr'><strong>ita</strong></span> <span class='ocrx_word' id='word_1_133' title='bbox 1270 1135 1389 1176; x_wconf 79' lang='lat' dir='ltr'><strong>brevi</strong></span> 
     </span>
     <span class='ocr_line' id='line_1_20' title="bbox 106 1189 1389 1244; baseline 0.001 -13"><span class='ocrx_word' id='word_1_134' title='bbox 106 1189 160 1231; x_wconf 89' lang='lat' dir='ltr'><strong>ab</strong></span> <span class='ocrx_word' id='word_1_135' title='bbox 192 1190 389 1231; x_wconf 87' lang='lat' dir='ltr'><strong>omnibus</strong></span> <span class='ocrx_word' id='word_1_136' title='bbox 419 1191 465 1231; x_wconf 94' lang='lat' dir='ltr'><strong>in</strong></span> <span class='ocrx_word' id='word_1_137' title='bbox 495 1189 675 1231; x_wconf 88' lang='lat' dir='ltr'><strong>eundem</strong></span> <span class='ocrx_word' id='word_1_138' title='bbox 713 1189 855 1230; x_wconf 91' lang='lat' dir='ltr'><strong>locum</strong></span> <span class='ocrx_word' id='word_1_139' title='bbox 885 1203 1137 1230; x_wconf 88' lang='lat' dir='ltr'><strong>concursum</strong></span> <span class='ocrx_word' id='word_1_140' title='bbox 1168 1190 1389 1244; x_wconf 87' lang='lat' dir='ltr'><strong>placitum-</strong></span> 
     </span>
     <span class='ocr_line' id='line_1_21' title="bbox 106 1245 1440 1300; baseline -0.001 -13"><span class='ocrx_word' id='word_1_141' title='bbox 106 1259 209 1300; x_wconf 92' lang='lat' dir='ltr'><strong>que,</strong></span> <span class='ocrx_word' id='word_1_142' title='bbox 248 1246 331 1299; x_wconf 83' lang='lat' dir='ltr'><strong>uti,</strong></span> <span class='ocrx_word' id='word_1_143' title='bbox 380 1246 583 1300; x_wconf 88' lang='lat' dir='ltr'><strong>quoniam</strong></span> <span class='ocrx_word' id='word_1_144' title='bbox 621 1248 799 1286; x_wconf 86' lang='lat' dir='ltr'><strong>naturae</strong></span> <span class='ocrx_word' id='word_1_145' title='bbox 846 1259 1053 1299; x_wconf 81' lang='lat' dir='ltr'><strong>sexusque</strong></span> <span class='ocrx_word' id='word_1_146' title='bbox 1094 1245 1389 1288; x_wconf 88' lang='lat' dir='ltr'><strong>condicionem</strong></span> <span class='ocrx_word' id='word_1_147' title='bbox 1408 1261 1440 1285; x_wconf 60' lang='grc' dir='ltr'><strong>ρο</strong></span> 
     </span>
     <span class='ocr_line' id='line_1_22' title="bbox 108 1300 1390 1356; baseline 0.002 -14"><span class='ocrx_word' id='word_1_148' title='bbox 108 1315 307 1355; x_wconf 89' lang='lat' dir='ltr'><strong>superare</strong></span> <span class='ocrx_word' id='word_1_149' title='bbox 327 1315 428 1343; x_wconf 87' lang='lat' dir='ltr'><strong>ausa</strong></span> <span class='ocrx_word' id='word_1_150' title='bbox 449 1304 571 1354; x_wconf 83' lang='lat' dir='ltr'><strong>esset,</strong></span> <span class='ocrx_word' id='word_1_151' title='bbox 603 1301 647 1342; x_wconf 90' lang='lat' dir='ltr'><strong>in</strong></span> <span class='ocrx_word' id='word_1_152' title='bbox 669 1301 845 1342; x_wconf 84' lang='lat' dir='ltr'><strong>fluvium</strong></span> <span class='ocrx_word' id='word_1_153' title='bbox 866 1300 1030 1354; x_wconf 90' lang='lat' dir='ltr'><strong>reliquo</strong></span> <span class='ocrx_word' id='word_1_154' title='bbox 1052 1300 1188 1343; x_wconf 92' lang='lat' dir='ltr'><strong>adhuc</strong></span> <span class='ocrx_word' id='word_1_155' title='bbox 1219 1302 1271 1343; x_wconf 89' lang='lat' dir='ltr'><strong>ad</strong></span> <span class='ocrx_word' id='word_1_156' title='bbox 1298 1317 1390 1356; x_wconf 90' lang='lat' dir='ltr'><strong>per-</strong></span> 
     </span>
     <span class='ocr_line' id='line_1_23' title="bbox 108 1356 1388 1411; baseline 0.001 -13"><span class='ocrx_word' id='word_1_157' title='bbox 108 1356 377 1398; x_wconf 89' lang='lat' dir='ltr'><strong>sentiendum</strong></span> <span class='ocrx_word' id='word_1_158' title='bbox 407 1357 559 1411; x_wconf 84' lang='lat' dir='ltr'><strong>spiritu</strong></span> <span class='ocrx_word' id='word_1_159' title='bbox 590 1360 663 1398; x_wconf 87' lang='lat' dir='ltr'><strong>aut</strong></span> <span class='ocrx_word' id='word_1_160' title='bbox 694 1356 871 1398; x_wconf 85' lang='lat' dir='ltr'><strong>canibus</strong></span> <span class='ocrx_word' id='word_1_161' title='bbox 895 1356 1140 1398; x_wconf 80' lang='lat' dir='ltr'><strong>dilanianda</strong></span> <span class='ocrx_word' id='word_1_162' title='bbox 1169 1358 1388 1399; x_wconf 89' lang='lat' dir='ltr'><strong>iaceretur.</strong></span> 
     </span>
     <span class='ocr_line' id='line_1_24' title="bbox 111 1412 1391 1466; baseline 0.002 -13"><span class='ocrx_word' id='word_1_163' title='bbox 111 1412 299 1454; x_wconf 89' lang='lat' dir='ltr'><strong>Achilles</strong></span> <span class='ocrx_word' id='word_1_164' title='bbox 336 1413 604 1454; x_wconf 84' lang='lat' dir='ltr'><strong>interfectam</strong></span> <span class='ocrx_word' id='word_1_165' title='bbox 643 1426 735 1454; x_wconf 89' lang='lat' dir='ltr'><strong>eam</strong></span> <span class='ocrx_word' id='word_1_166' title='bbox 781 1412 958 1466; x_wconf 86' lang='lat' dir='ltr'><strong>sepelire</strong></span> <span class='ocrx_word' id='word_1_167' title='bbox 1004 1413 1179 1466; x_wconf 87' lang='lat' dir='ltr'><strong>cupiens</strong></span> <span class='ocrx_word' id='word_1_168' title='bbox 1224 1428 1323 1455; x_wconf 77' lang='lat' dir='ltr'><strong>mox</strong></span> <span class='ocrx_word' id='word_1_169' title='bbox 1366 1428 1391 1455; x_wconf 90' lang='lat' dir='ltr'><strong>a</strong></span> 
     </span>
     <span class='ocr_line' id='line_1_25' title="bbox 109 1467 1391 1523; baseline 0 -13"><span class='ocrx_word' id='word_1_170' title='bbox 109 1467 316 1510; x_wconf 91' lang='lat' dir='ltr'><strong>Diomede</strong></span> <span class='ocrx_word' id='word_1_171' title='bbox 346 1468 586 1523; x_wconf 90' lang='lat' dir='ltr'><strong>prohibitus</strong></span> <span class='ocrx_word' id='word_1_172' title='bbox 617 1471 692 1510; x_wconf 91' lang='lat' dir='ltr'><strong>est.</strong></span> <span class='ocrx_word' id='word_1_173' title='bbox 742 1468 777 1509; x_wconf 91' lang='lat' dir='ltr'><strong>is</strong></span> <span class='ocrx_word' id='word_1_174' title='bbox 807 1482 990 1521; x_wconf 87' lang='lat' dir='ltr'><strong>namque</strong></span> <span class='ocrx_word' id='word_1_175' title='bbox 1011 1472 1284 1522; x_wconf 88' lang='lat' dir='ltr'><strong>percontatus</strong></span> <span class='ocrx_word' id='word_1_176' title='bbox 1315 1470 1391 1511; x_wconf 88' lang='lat' dir='ltr'><strong>cir-</strong></span> 
     </span>
     <span class='ocr_line' id='line_1_26' title="bbox 108 1523 1442 1578; baseline -0.001 -13"><span class='ocrx_word' id='word_1_177' title='bbox 108 1527 388 1577; x_wconf 85' lang='lat' dir='ltr'><strong>cumstantes,</strong></span> <span class='ocrx_word' id='word_1_178' title='bbox 430 1524 632 1578; x_wconf 88' lang='lat' dir='ltr'><strong>quidnam</strong></span> <span class='ocrx_word' id='word_1_179' title='bbox 671 1524 721 1565; x_wconf 90' lang='lat' dir='ltr'><strong>de</strong></span> <span class='ocrx_word' id='word_1_180' title='bbox 760 1538 809 1565; x_wconf 90' lang='lat' dir='ltr'><strong>ea</strong></span> <span class='ocrx_word' id='word_1_181' title='bbox 846 1523 1088 1565; x_wconf 87' lang='lat' dir='ltr'><strong>faciendum</strong></span> <span class='ocrx_word' id='word_1_182' title='bbox 1126 1528 1253 1578; x_wconf 85' lang='lat' dir='ltr'><strong>esset,</strong></span> <span class='ocrx_word' id='word_1_183' title='bbox 1292 1538 1442 1567; x_wconf 80' lang='lat' dir='ltr'><strong>con-25</strong></span> 
     </span>
     <span class='ocr_line' id='line_1_27' title="bbox 108 1578 1391 1634; baseline 0.001 -13"><span class='ocrx_word' id='word_1_184' title='bbox 108 1593 236 1621; x_wconf 86' lang='lat' dir='ltr'><strong>sensu</strong></span> <span class='ocrx_word' id='word_1_185' title='bbox 278 1580 470 1621; x_wconf 84' lang='lat' dir='ltr'><strong>omnium</strong></span> <span class='ocrx_word' id='word_1_186' title='bbox 506 1579 684 1634; x_wconf 89' lang='lat' dir='ltr'><strong>pedibus</strong></span> <span class='ocrx_word' id='word_1_187' title='bbox 724 1580 958 1620; x_wconf 86' lang='lat' dir='ltr'><strong>adtractam</strong></span> <span class='ocrx_word' id='word_1_188' title='bbox 1003 1580 1048 1620; x_wconf 89' lang='lat' dir='ltr'><strong>in</strong></span> <span class='ocrx_word' id='word_1_189' title='bbox 1087 1578 1391 1622; x_wconf 87' lang='lat' dir='ltr'><strong>Scamandrum</strong></span> 
     </span>
     <span class='ocr_line' id='line_1_28' title="bbox 111 1635 1391 1690; baseline 0.001 -14"><span class='ocrx_word' id='word_1_190' title='bbox 111 1635 382 1689; x_wconf 86' lang='lat' dir='ltr'><strong>praecipitat,</strong></span> <span class='ocrx_word' id='word_1_191' title='bbox 414 1635 575 1677; x_wconf 87' lang='lat' dir='ltr'><strong>scilicet</strong></span> <span class='ocrx_word' id='word_1_192' title='bbox 603 1649 786 1689; x_wconf 90' lang='lat' dir='ltr'><strong>poenam</strong></span> <span class='ocrx_word' id='word_1_193' title='bbox 816 1638 1054 1689; x_wconf 88' lang='lat' dir='ltr'><strong>postremae</strong></span> <span class='ocrx_word' id='word_1_194' title='bbox 1085 1635 1391 1690; x_wconf 88' lang='lat' dir='ltr'><strong>desperationis</strong></span> 
     </span>
     <span class='ocr_line' id='line_1_29' title="bbox 110 1690 1392 1747; baseline 0.001 -15"><span class='ocrx_word' id='word_1_195' title='bbox 110 1693 237 1745; x_wconf 87' lang='lat' dir='ltr'><strong>atque</strong></span> <span class='ocrx_word' id='word_1_196' title='bbox 275 1691 497 1732; x_wconf 84' lang='lat' dir='ltr'><strong>amentiae.</strong></span> <span class='ocrx_word' id='word_1_197' title='bbox 563 1690 644 1732; x_wconf 90' lang='lat' dir='ltr'><strong>hoc</strong></span> <span class='ocrx_word' id='word_1_198' title='bbox 681 1690 808 1732; x_wconf 93' lang='lat' dir='ltr'><strong>modo</strong></span> <span class='ocrx_word' id='word_1_199' title='bbox 839 1692 1105 1732; x_wconf 90' lang='lat' dir='ltr'><strong>Amazonum</strong></span> <span class='ocrx_word' id='word_1_200' title='bbox 1144 1692 1293 1747; x_wconf 84' lang='lat' dir='ltr'><strong>regina</strong></span> <span class='ocrx_word' id='word_1_201' title='bbox 1325 1692 1392 1733; x_wconf 88' lang='lat' dir='ltr'><strong>de-</strong></span> 
     </span>
     <span class='ocr_line' id='line_1_30' title="bbox 111 1746 1390 1801; baseline 0.001 -13"><span class='ocrx_word' id='word_1_202' title='bbox 111 1746 208 1788; x_wconf 83' lang='lat' dir='ltr'><strong>letis</strong></span> <span class='ocrx_word' id='word_1_203' title='bbox 238 1747 391 1801; x_wconf 91' lang='lat' dir='ltr'><strong>copiis,</strong></span> <span class='ocrx_word' id='word_1_204' title='bbox 431 1746 681 1801; x_wconf 86' lang='lat' dir='ltr'><strong>quibuscum</strong></span> <span class='ocrx_word' id='word_1_205' title='bbox 721 1746 972 1787; x_wconf 85' lang='lat' dir='ltr'><strong>auxiliatum</strong></span> <span class='ocrx_word' id='word_1_206' title='bbox 1001 1746 1172 1788; x_wconf 89' lang='lat' dir='ltr'><strong>Priamo</strong></span> <span class='ocrx_word' id='word_1_207' title='bbox 1205 1753 1390 1800; x_wconf 79' lang='lat' dir='ltr'><strong>venerat,</strong></span> 
     </span>
    </p>
   </div>
   <div class='ocr_carea' id='block_1_3' title="bbox 44 1801 1445 1857">
    <p class='ocr_par' dir='ltr' id='par_1_4' title="bbox 44 1801 1445 1857">
     <span class='ocr_line' id='line_1_31' title="bbox 44 1801 1445 1857; baseline -0.001 -15"><span class='ocrx_word' id='word_1_208' title='bbox 44 1813 57 1821; x_wconf 84' lang='grc'><em>·</em></span> <span class='ocrx_word' id='word_1_209' title='bbox 110 1801 164 1843; x_wconf 88' lang='lat' dir='ltr'><strong>ad</strong></span> <span class='ocrx_word' id='word_1_210' title='bbox 200 1806 463 1856; x_wconf 87' lang='lat' dir='ltr'><strong>postremum</strong></span> <span class='ocrx_word' id='word_1_211' title='bbox 510 1803 601 1857; x_wconf 90' lang='lat' dir='ltr'><strong>ipsa</strong></span> <span class='ocrx_word' id='word_1_212' title='bbox 647 1801 933 1856; x_wconf 88' lang='lat' dir='ltr'><strong>spectaculum</strong></span> <span class='ocrx_word' id='word_1_213' title='bbox 979 1801 1156 1857; x_wconf 86' lang='lat' dir='ltr'><strong>dignum</strong></span> <span class='ocrx_word' id='word_1_214' title='bbox 1203 1804 1391 1845; x_wconf 88' lang='lat' dir='ltr'><strong>moribus</strong></span> <span class='ocrx_word' id='word_1_215' title='bbox 1410 1817 1445 1842; x_wconf 86' lang='lat'><strong>30</strong></span> 
     </span>
    </p>
   </div>
   <div class='ocr_carea' id='block_1_4' title="bbox 110 1857 1392 1968">
    <p class='ocr_par' dir='ltr' id='par_1_5' title="bbox 110 1857 1392 1968">
     <span class='ocr_line' id='line_1_32' title="bbox 110 1857 1220 1921; baseline 0.003 -23"><span class='ocrx_word' id='word_1_216' title='bbox 110 1857 197 1899; x_wconf 87' lang='lat' dir='ltr'><strong>suis</strong></span> <span class='ocrx_word' id='word_1_217' title='bbox 226 1859 434 1912; x_wconf 85' lang='lat' dir='ltr'><strong>praebuit.</strong></span> <span class='ocrx_word' id='word_1_218' title='bbox 646 1914 653 1921; x_wconf 44' lang='lat'><em>·</em></span> <span class='ocrx_word' id='word_1_219' title='bbox 725 1914 732 1921; x_wconf 33' lang='lat'><strong>¹</strong></span> <span class='ocrx_word' id='word_1_220' title='bbox 1088 1914 1095 1920; x_wconf 41' lang='grc'><em>.</em></span> <span class='ocrx_word' id='word_1_221' title='bbox 1213 1915 1220 1921; x_wconf 43' lang='grc' dir='ltr'>Ι</span> 
     </span>
     <span class='ocr_line' id='line_1_33' title="bbox 224 1913 1392 1968; baseline 0.001 -13"><span class='ocrx_word' id='word_1_222' title='bbox 224 1913 299 1955; x_wconf 90' lang='lat' dir='ltr'><strong>IV.</strong></span> <span class='ocrx_word' id='word_1_223' title='bbox 367 1916 426 1955; x_wconf 84' lang='lat' dir='ltr'><strong>At</strong></span> <span class='ocrx_word' id='word_1_224' title='bbox 463 1916 656 1968; x_wconf 84' lang='lat' dir='ltr'><strong>sequentl</strong></span> <span class='ocrx_word' id='word_1_225' title='bbox 694 1913 760 1955; x_wconf 83' lang='lat' dir='ltr'><strong>(he</strong></span> <span class='ocrx_word' id='word_1_226' title='bbox 798 1913 1002 1955; x_wconf 84' lang='lat' dir='ltr'><strong>Memnon</strong></span> <span class='ocrx_word' id='word_1_227' title='bbox 1047 1913 1221 1955; x_wconf 87' lang='lat' dir='ltr'><strong>T1th0n1</strong></span> <span class='ocrx_word' id='word_1_228' title='bbox 1265 1918 1392 1968; x_wconf 88' lang='lat' dir='ltr'><strong>atque</strong></span> 
     </span>
    </p>
   </div>
   <div class='ocr_carea' id='block_1_5' title="bbox 114 1999 380 2006">
    <p class='ocr_par' dir='ltr' id='par_1_6' title="bbox 114 1999 380 2006">
     <span class='ocr_line' id='line_1_34' title="bbox 114 1999 380 2006; baseline 0 544"><span class='ocrx_word' id='word_1_229' title='bbox 114 1999 380 2006; x_wconf 95' lang='lat' dir='ltr'><strong> </strong></span> 
     </span>
    </p>
   </div>
   <div class='ocr_carea' id='block_1_6' title="bbox 203 2037 1183 2071">
    <p class='ocr_par' dir='ltr' id='par_1_7' title="bbox 203 2037 1183 2071">
     <span class='ocr_line' id='line_1_35' title="bbox 203 2037 1183 2071; baseline 0 -1"><span class='ocrx_word' id='word_1_230' title='bbox 203 2037 381 2070; x_wconf 86' lang='lat' dir='ltr'>IV—V11.</span> <span class='ocrx_word' id='word_1_231' title='bbox 408 2037 535 2071; x_wconf 80' lang='lat' dir='ltr'><strong>Malal.</strong></span> <span class='ocrx_word' id='word_1_232' title='bbox 563 2039 739 2070; x_wconf 78' lang='lat'>161——164</span> <span class='ocrx_word' id='word_1_233' title='bbox 764 2038 919 2070; x_wconf 80' lang='lat' dir='ltr'><strong>Cedren.</strong></span> <span class='ocrx_word' id='word_1_234' title='bbox 946 2039 974 2070; x_wconf 91' lang='lat' dir='ltr'><strong>P</strong></span> <span class='ocrx_word' id='word_1_235' title='bbox 1003 2039 1078 2070; x_wconf 81' lang='lat'>128.</span> <span class='ocrx_word' id='word_1_236' title='bbox 1108 2040 1183 2070; x_wconf 74' lang='lat'><strong>129.</strong></span> 
     </span>
    </p>
   </div>
   <div class='ocr_carea' id='block_1_7' title="bbox 112 2116 383 2123">
    <p class='ocr_par' dir='ltr' id='par_1_8' title="bbox 112 2116 383 2123">
     <span class='ocr_line' id='line_1_36' title="bbox 112 2116 383 2123; baseline 0 427"><span class='ocrx_word' id='word_1_237' title='bbox 112 2116 383 2123; x_wconf 95' lang='lat' dir='ltr'><strong> </strong></span> 
     </span>
    </p>
   </div>
   <div class='ocr_carea' id='block_1_8' title="bbox 112 2160 1395 2337">
    <p class='ocr_par' dir='ltr' id='par_1_9' title="bbox 112 2160 1395 2337">
     <span class='ocr_line' id='line_1_37' title="bbox 204 2160 1394 2194; baseline 0 -2"><span class='ocrx_word' id='word_1_238' title='bbox 204 2161 223 2192; x_wconf 77' lang='lat'>7</span> <span class='ocrx_word' id='word_1_239' title='bbox 249 2160 331 2194; x_wconf 78' lang='lat' dir='ltr'><strong>finis</strong></span> <span class='ocrx_word' id='word_1_240' title='bbox 358 2161 426 2193; x_wconf 85' lang='lat' dir='ltr'><strong>fuit</strong></span> <span class='ocrx_word' id='word_1_241' title='bbox 451 2162 483 2193; x_wconf 83' lang='lat' dir='ltr'><em>P</em></span> <span class='ocrx_word' id='word_1_242' title='bbox 573 2162 612 2192; x_wconf 78' lang='lat'><strong>12</strong></span> <span class='ocrx_word' id='word_1_243' title='bbox 638 2171 716 2193; x_wconf 89' lang='lat' dir='ltr'><strong>cum</strong></span> <span class='ocrx_word' id='word_1_244' title='bbox 741 2170 829 2192; x_wconf 86' lang='lat' dir='ltr'><strong>uero</strong></span> <span class='ocrx_word' id='word_1_245' title='bbox 849 2161 876 2193; x_wconf 83' lang='lat' dir='ltr'><em>G</em></span> <span class='ocrx_word' id='word_1_246' title='bbox 900 2171 991 2193; x_wconf 81' lang='lat' dir='ltr'><strong>corr.</strong></span> <span class='ocrx_word' id='word_1_247' title='bbox 1017 2162 1048 2192; x_wconf 87' lang='lat' dir='ltr'><em>P</em></span> <span class='ocrx_word' id='word_1_248' title='bbox 1140 2162 1180 2193; x_wconf 84' lang='lat'><strong>15</strong></span> <span class='ocrx_word' id='word_1_249' title='bbox 1205 2171 1313 2192; x_wconf 88' lang='lat' dir='ltr'><strong>manu</strong></span> <span class='ocrx_word' id='word_1_250' title='bbox 1333 2161 1394 2193; x_wconf 84' lang='lat' dir='ltr'><strong>GB</strong></span> 
     </span>
     <span class='ocr_line' id='line_1_38' title="bbox 112 2205 1395 2247; baseline 0.001 -11"><span class='ocrx_word' id='word_1_251' title='bbox 112 2214 204 2239; x_wconf 78' lang='lat' dir='ltr'><strong>corr.</strong></span> <span class='ocrx_word' id='word_1_252' title='bbox 236 2206 269 2237; x_wconf 89' lang='lat' dir='ltr'><strong><em>P</em></strong></span> <span class='ocrx_word' id='word_1_253' title='bbox 371 2207 411 2238; x_wconf 88' lang='grc'><strong>16</strong></span> <span class='ocrx_word' id='word_1_254' title='bbox 442 2206 569 2247; x_wconf 83' lang='lat' dir='ltr'><strong>utique</strong></span> <span class='ocrx_word' id='word_1_255' title='bbox 605 2205 666 2237; x_wconf 68' lang='grc' dir='ltr'><strong>ΕΒ</strong></span> <span class='ocrx_word' id='word_1_256' title='bbox 718 2207 771 2237; x_wconf 81' lang='lat' dir='ltr'><strong>uti</strong></span> <span class='ocrx_word' id='word_1_257' title='bbox 803 2207 955 2247; x_wconf 81' lang='lat' dir='ltr'><strong>quisque</strong></span> <span class='ocrx_word' id='word_1_258' title='bbox 988 2205 1057 2237; x_wconf 85' lang='lat' dir='ltr'><strong>PV</strong></span> <span class='ocrx_word' id='word_1_259' title='bbox 1175 2207 1218 2237; x_wconf 78' lang='lat'><strong>27</strong></span> <span class='ocrx_word' id='word_1_260' title='bbox 1250 2206 1395 2237; x_wconf 83' lang='lat' dir='ltr'><strong>scilicet</strong></span> 
     </span>
     <span class='ocr_line' id='line_1_39' title="bbox 114 2247 1395 2292; baseline 0 -11"><span class='ocrx_word' id='word_1_261' title='bbox 114 2247 202 2292; x_wconf 52' lang='lat' dir='ltr'><strong>phsslt</strong></span> <span class='ocrx_word' id='word_1_262' title='bbox 231 2260 386 2292; x_wconf 82' lang='lat' dir='ltr'><strong>poenam</strong></span> <span class='ocrx_word' id='word_1_263' title='bbox 418 2250 447 2283; x_wconf 81' lang='lat' dir='ltr'><em>G</em></span> <span class='ocrx_word' id='word_1_264' title='bbox 477 2251 625 2282; x_wconf 65' lang='grc' dir='ltr'><em>[Μανία</em></span> <span class='ocrx_word' id='word_1_265' title='bbox 660 2252 773 2281; x_wconf 79' lang='lat' dir='ltr'><strong>maluit</strong></span> <span class='ocrx_word' id='word_1_266' title='bbox 805 2260 923 2292; x_wconf 84' lang='lat' dir='ltr'><strong>poena</strong></span> <span class='ocrx_word' id='word_1_267' title='bbox 956 2253 1008 2282; x_wconf 78' lang='lat' dir='ltr'><strong>uel</strong></span> <span class='ocrx_word' id='word_1_268' title='bbox 1037 2251 1074 2282; x_wconf 91' lang='lat' dir='ltr'><strong>in</strong></span> <span class='ocrx_word' id='word_1_269' title='bbox 1099 2260 1271 2291; x_wconf 87' lang='lat' dir='ltr'><strong>poenam,</strong></span> <span class='ocrx_word' id='word_1_270' title='bbox 1314 2250 1395 2281; x_wconf 81' lang='lat' dir='ltr'><strong>Vin·</strong></span> 
     </span>
     <span class='ocr_line' id='line_1_40' title="bbox 115 2294 1125 2337; baseline 0 -11"><span class='ocrx_word' id='word_1_271' title='bbox 115 2294 248 2336; x_wconf 67' lang='lat' dir='ltr'><strong>dinyius</strong></span> <span class='ocrx_word' id='word_1_272' title='bbox 272 2295 443 2328; x_wconf 85' lang='lat' dir='ltr'><strong>luiturum</strong></span> <span class='ocrx_word' id='word_1_273' title='bbox 469 2306 502 2337; x_wconf 89' lang='lat' dir='ltr'><strong>p.</strong></span> <span class='ocrx_word' id='word_1_274' title='bbox 595 2296 638 2327; x_wconf 76' lang='lat'><strong>32</strong></span> <span class='ocrx_word' id='word_1_275' title='bbox 664 2294 815 2327; x_wconf 81' lang='lat' dir='ltr'><strong>tithonis</strong></span> <span class='ocrx_word' id='word_1_276' title='bbox 842 2294 904 2327; x_wconf 86' lang='lat' dir='ltr'><strong>GB</strong></span> <span class='ocrx_word' id='word_1_277' title='bbox 951 2295 1060 2327; x_wconf 84' lang='lat' dir='ltr'><strong>titoni</strong></span> <span class='ocrx_word' id='word_1_278' title='bbox 1085 2295 1125 2326; x_wconf 82' lang='lat' dir='ltr'><strong>P.</strong></span> 
     </span>
    </p>
   </div>
  </div>
 </body>
</html>
