1621 2550
198 95 254 138 34
399 74 403 76 ’
603 95 778 130 morrs
805 97 1074 131 ORETENsls

198 195 357 237 versari
397 198 496 236 ante
535 195 725 236 omnium
773 196 918 237 oculos
957 200 1152 251 oportere
1196 200 1481 252 praesentiam

198 265 348 308 regum
379 250 638 292 Graecorum
676 265 906 306 eorumque
945 252 1057 294 facta
1092 253 1222 295 fortia
1259 269 1306 296 ac
1336 269 1483 297 recens

199 312 365 363 partam
387 306 567 362 gloriam
598 307 728 348 erutis
759 308 1022 350 amicissimis
1047 309 1198 351 Troiae
1227 311 1482 353 civitatibus.

202 365 256 406 ob
288 378 380 405 eam
411 362 538 403 etiam
569 376 737 404 causam
773 363 1108 417 Polymestorem
1146 367 1384 420 exemplum
1415 366 1487 408 ad-

167 436 183 461 5
200 420 317 461 missi
347 417 647 460 abhorrentem
692 419 804 460 ultro
846 419 1016 462 Graecis
1052 421 1312 475 Polydorum
1356 422 1486 464 tradi-

202 476 324 517 disse.
385 489 435 516 ex
475 488 558 528 quo
592 475 719 515 etiam
749 475 999 529 verendum,
1040 491 1094 518 ne
1126 478 1227 531 quid
1256 478 1341 520 tale
1373 493 1485 520 com-

200 533 368 573 mentae
400 530 605 572 finitimae
636 531 832 584 regiones
863 531 1104 584 perniciosa
1134 533 1312 575 consilia
1341 535 1487 576 adver-

200 602 294 629 sum
339 586 512 628 Troiam
558 585 831 627 molirentur:
881 586 992 627 nihil
1039 588 1304 642 exploratum
1348 604 1487 644 neque

200 643 344 696 fidum,
377 645 526 683 contra
556 641 760 684 insidiosa
790 646 942 684 cuncta
979 646 1105 697 atque
1137 644 1313 686 adversa
1341 646 1387 686 in
1417 649 1488 687 ob-

150 717 183 742 10
202 699 365 741 sidione
388 698 492 739 fore.
543 712 650 751 quae
682 699 717 740 si
739 713 898 752 omnes,
929 700 991 740 ita
1010 700 1073 740 uti
1092 714 1174 751 par
1198 703 1315 754 esset,
1344 701 1488 743 animo

201 757 468 809 reputarent,
500 767 638 808 neque
678 755 855 796 ulterius
888 754 1140 797 differendos
1179 756 1343 811 legatos
1372 760 1489 812 pate-

200 814 362 864 rentur,
395 814 437 852 et
466 809 632 852 Helena
663 825 758 852 cum
780 811 918 866 gratia
947 812 1123 853 remissa
1148 815 1243 862 fore
1273 821 1315 854 ut
1350 813 1487 855 maius

204 871 330 921 atque
370 866 502 907 artius
534 866 744 909 amicitiae
775 868 932 921 pignus
962 867 1074 909 inter
1113 867 1194 910 duo
1233 882 1366 923 regna
1394 883 1488 911 coa-

201 924 391 964 lesceret.
444 936 551 975 quae
582 923 655 963 ubi
686 923 849 977 accepit
872 922 1051 977 Hector,
1082 925 1374 966 recordatione
1405 925 1490 967 fra-

150 996 183 1021 15
203 979 316 1021 terni
355 978 557 1020 facinoris
594 979 759 1020 tristior
798 979 1064 1033 aliquantum
1103 980 1355 1034 suffusisque
1393 994 1489 1023 cum

200 1048 391 1077 maerore
436 1034 621 1076 lacrimis
666 1034 876 1076 Helenam
922 1038 1065 1076 tamen
1113 1036 1375 1090 prodendam
1412 1037 1490 1078 mi-

201 1092 316 1133 nime
349 1090 540 1144 rebatur,
572 1092 730 1145 quippe
761 1091 995 1145 supplicem
1016 1091 1165 1133 domus
1197 1094 1239 1134 et
1260 1093 1314 1134 ob
1343 1092 1387 1133 id
1406 1093 1489 1134 fide

201 1146 456 1201 interposita
492 1146 715 1188 tuendam:
763 1147 798 1188 si
838 1162 921 1201 qua
959 1150 1100 1189 autem
1139 1162 1235 1189 cum
1266 1162 1315 1190 ea
1345 1152 1491 1203 erepta

203 1203 474 1257 docerentur,
507 1206 659 1245 cuncta
687 1202 959 1245 restituenda.
1009 1219 1194 1258 namque
1224 1219 1301 1258 pro
1323 1204 1490 1246 Helena

152 1277 185 1302 20
205 1258 485 1302 Cassandram
516 1259 603 1300 sive
625 1259 900 1313 Polyxenam,
933 1274 1060 1313 quam
1090 1260 1242 1315 legatis
1263 1260 1490 1315 videretur,

202 1318 386 1370 nuptum
417 1329 512 1356 cum
542 1315 768 1368 praeclaris
799 1315 920 1357 donis
945 1315 1141 1357 Menelao
1171 1316 1432 1358 tradendam.

316 1370 474 1412 XXVI.
525 1370 595 1411 Ad
625 1385 674 1412 ea
701 1370 922 1412 Menelaus
952 1371 1152 1413 iracunde
1174 1375 1314 1413 atrox:
1345 1386 1493 1428 „egre-

204 1427 272 1483 gie
301 1427 495 1468 hercules
523 1429 664 1468 actum
694 1427 817 1469 nobis
849 1430 924 1481 est,
955 1427 1163 1482 siquidem
1191 1429 1366 1482 proprio
1397 1443 1493 1483 spo·

205 1484 334 1524 liatus
355 1486 615 1525 commutare
636 1483 957 1525 matrimonium
987 1498 1064 1538 pro
1096 1484 1272 1526 arbitrio
1303 1484 1492 1526 hostium

155 1556 189 1582 25
206 1553 398 1581 meorum
419 1541 592 1594 cogor.“
632 1539 855 1581 adversum
877 1553 1002 1593 quem
1018 1541 1185 1581 Aeneas
1215 1554 1290 1594 „ac
1313 1555 1368 1582 ne
1387 1540 1494 1583 haee

207 1595 406 1650 quidem“
437 1595 497 1636 ait
526 1595 841 1649 „concedentur
862 1595 1178 1638 contradicente
1200 1611 1247 1638 ac
1268 1597 1494 1639 resistente

205 1666 272 1693 me
310 1651 589 1705 reliquisque,
623 1652 695 1705 qui
733 1652 893 1693 adfines
931 1652 1138 1706 amicique
1169 1652 1414 1694 Alexandro
1444 1653 1491 1694 in

205 1722 295 1749 rem
327 1707 417 1748 eius
439 1707 710 1748 consulimus.
763 1711 862 1749 sunt
884 1708 997 1748 enim
1018 1711 1145 1762 atque
1166 1711 1291 1750 erunt
1314 1723 1492 1763 semper,

208 1764 282 1818 qui
303 1763 476 1805 domum
497 1776 760 1818 regnumque
777 1763 937 1805 Priami
957 1767 1158 1805 tueantur
1178 1779 1316 1818 neque
1338 1766 1492 1807 amisso

156 1836 189 1862 30
207 1819 422 1874 Polydoro
454 1819 613 1861 orbitas
634 1819 850 1861 Priamum
881 1820 1128 1874 insequetur
1158 1823 1222 1862 tot
1252 1821 1494 1876 talibusque

206 1876 304 1918 filiis
351 1875 661 1930 superstitibus.
735 1890 789 1917 an
830 1876 930 1917 solis
978 1877 1049 1931 qui
1089 1891 1138 1918 ex
1178 1877 1356 1919 Graecia
1395 1879 1496 1918 sunt

206 1935 353 1986 raptus
374 1931 617 1973 huiusmodi
639 1932 971 1974 concederetur?
1009 1933 1166 1987 quippe
1190 1931 1339 1975 Cretae
1358 1932 1495 1976 Euro·

297 2048 318 2078 4
344 2046 626 2088 polymestorum
645 2047 706 2079 ΕΒ
729 2046 733 2086 Ι
755 2046 909 2088 exempli
929 2046 990 2080 GB
1084 2049 1103 2079 5
1123 2047 1340 2080 abhorrente
1361 2048 1388 2080 G
1434 2047 1497 2079 ad-

207 2091 415 2123 horrentem
430 2091 463 2123 B
490 2101 579 2124 corr.
603 2092 667 2123 VP
735 2094 752 2123 7
772 2092 976 2134 pernitiosa
1003 2091 1064 2124 GB
1124 2093 1144 2124 8
1169 2102 1287 2134 neque
1305 2091 1413 2124 fidum
1434 2091 1497 2124 GB

207 2135 298 2168 nihil
329 2136 556 2178 exploratum
592 2146 705 2178 neque
739 2136 847 2169 fidum
874 2137 952 2176 PV,
985 2136 1163 2169 Herc-erus
1198 2138 1341 2170 coniecit
1377 2146 1495 2179 neque

207 2180 368 2217 fidelius,
397 2180 580 2214 Obrechtus
605 2191 719 2223 neque
745 2181 828 2214 fidei
853 2182 920 2214 ius.
948 2193 991 2213 an
1016 2182 1225 2214 scribendum
1249 2192 1367 2224 neque
1394 2182 1495 2223 quic-

209 2236 316 2268 quam
342 2225 473 2258 fidum?
570 2229 610 2259 10
643 2227 696 2258 ita
721 2228 776 2259 uti
803 2237 869 2269 par
895 2230 994 2259 esset
1017 2228 1158 2269 scripsi,
1192 2229 1224 2259 in
1257 2227 1350 2259 libris
1376 2228 1497 2269 legitur

207 2271 262 2348 {lta
295 2271 437 2347 utiBres
469 2275 524 2304 est
609 2274 649 2303 12
677 2272 754 2304 fore
781 2277 819 2304 ut
843 2283 860 2304 e
886 2273 1080 2304 coniectura
1105 2273 1216 2305 adieci
1285 2274 1326 2305 32
1366 2281 1498 2305 conce—

236 2320 314 2348 etur
377 2343 384 2351 .
