1621 2550
210 98 290 140 106
613 99 789 134 DICTYS
816 101 1084 135 ORETENSIS

208 198 396 254 Cyclopa
426 201 468 240 et
489 199 783 255 Laestrygona
812 200 962 242 fratres
983 200 1117 241 multa
1146 200 1324 255 indigna
1345 215 1490 255 exper-

206 258 276 296 tus
321 256 372 296 ad
418 259 678 309 postremum
727 257 780 297 ab
833 270 979 298 eorum
1023 257 1122 297 filiis
1168 256 1403 310 Antiphate
1449 260 1490 299 et

207 311 472 365 Polyphemo
516 311 723 365 plurimos
762 312 974 354 sociorum
1013 313 1220 367 amiserit,
1269 313 1366 354 dein
1413 327 1489 367 per

210 367 542 408 misericordiam
594 367 848 422 Polyphemi
911 369 956 410 in
1012 369 1240 410 amicitiam
1295 372 1490 432 receptus

174 441 192 465 5
211 423 341 464 filiam
370 424 483 478 regis
514 425 699 477 Arenen,
730 427 956 478 postquam
977 424 1237 478 Alphenoris
1267 425 1371 466 socii
1401 425 1490 466 eius

209 493 350 520 amore
372 479 601 533 deperibat,
632 494 780 534 rapere
802 483 991 533 conatus,
1024 480 1096 520 ubi
1127 495 1192 521 ies
1216 481 1389 535 cognita
1411 483 1486 535 est,

208 535 451 576 interventu
482 536 670 589 parentis
708 536 850 589 puella
887 537 1028 578 ablata
1064 550 1140 590 per
1178 536 1276 590 vim,
1317 539 1488 578 exactus

208 605 283 645 per
303 591 428 632 Aeoli
458 591 617 632 insulas
649 591 866 633 devenerit
896 592 948 633 ad
971 591 1120 634 Circen
1151 595 1277 646 atque
1307 592 1406 633 inde
1437 592 1490 633 ad

210 646 391 701 Calypso
429 649 652 701 utramque
683 648 874 703 reginam
905 649 1152 701 insularum,
1191 649 1236 689 in
1268 648 1361 702 quis
1399 663 1487 690 mo-

159 720 191 744 10
209 703 424 756 rabantur,
457 718 507 744 ex
538 704 790 756 quibusdam
820 704 1045 746 inlecebris
1076 705 1241 746 animos
1271 704 1490 758 hospitum

209 759 261 800 ad
291 773 478 800 amorem
509 760 573 800 sui
604 760 862 802 inlicientes:
894 760 992 802 inde
1022 761 1224 802 liberatus
1245 761 1489 814 pervenerit

210 815 262 855 ad
293 829 388 856 eum
428 815 588 869 locum,
628 816 672 857 in
710 831 794 870 quo
834 817 1033 858 exhibitis
1072 817 1323 871 quibusdam
1361 817 1490 858 sacris

208 871 353 912 futura
383 871 677 913 defunctorum
710 873 862 913 animis
884 873 1224 914 dinoscerent-ur:
1256 875 1353 926 post
1383 887 1490 926 quae

210 927 412 980 appulsus
454 926 699 969 Sirenarum
747 929 954 982 scopulis,
1000 929 1072 970 ubi
1118 943 1193 982 per
1239 928 1492 970 industriam

160 1000 192 1024 10
210 983 412 1024 liberatus
444 984 514 1037 sit,
555 984 606 1024 ad
643 987 905 1047 postremum
944 985 1056 1026 inter
1087 984 1271 1038 Scyllam
1313 987 1355 1025 et
1386 984 1493 1027 Cha-

210 1039 375 1092 iybdim
405 1054 520 1080 mare
558 1040 850 1081 saevissimum
880 1043 921 1082 et
952 1041 1084 1082 inlata
1115 1041 1284 1082 sorbere
1315 1040 1490 1082 solitum

210 1095 414 1148 plurimas
452 1096 625 1137 navium
663 1111 759 1138 cum
797 1098 922 1138 sociis
962 1098 1161 1138 amiserit.
1232 1097 1293 1138 ita
1322 1111 1365 1138 se
1396 1111 1493 1138 cum

210 1151 387 1192 residuis
426 1151 471 1192 in
510 1167 660 1193 manus
698 1153 961 1194 Phoenicum
1007 1168 1082 1207 per
1119 1153 1252 1194 maria
1289 1152 1493 1207 praedan-

210 1207 317 1248 tium
347 1207 595 1261 incurrisse,
627 1212 753 1263 atque
785 1210 837 1250 ab
868 1209 934 1251 his
964 1224 1040 1263 per
1069 1209 1400 1250 misericordiam
1431 1223 1493 1250 re-

157 1280 193 1304 20
211 1266 436 1305 servatum
504 1264 653 1319 igitur,
700 1266 761 1306 uti
807 1266 1019 1318 voluerat,
1068 1266 1249 1319 acceptis
1295 1266 1347 1306 ab
1393 1279 1492 1320 rege

209 1323 358 1361 nostro
390 1320 552 1361 duabus
582 1321 761 1362 navibus
792 1321 1059 1376 donatusque
1090 1322 1223 1362 multa
1252 1320 1409 1375 praeda
1441 1321 1493 1362 ad

210 1375 440 1417 Alcinoum
469 1390 613 1431 regem
644 1377 886 1418 Phaeacum
916 1378 1159 1419 remittitur.

324 1431 398 1473 VI.
466 1432 531 1473 1101
570 1434 623 1474 ob
663 1434 950 1475 celebritatem
996 1434 1182 1475 nominis
1223 1448 1298 1488 per
1335 1433 1492 1475 multos

211 1487 298 1528 dies
330 1488 515 1543 benigne
553 1492 749 1543 acceptus
787 1491 1007 1545 cognoscit
1040 1490 1300 1553 Penelopam
1339 1490 1390 1531 ab
1420 1490 1494 1530 tri—

157 1559 191 1584 25
211 1544 332 1599 ginta
360 1545 610 1586 inlustribus
641 1547 742 1587 Viris
774 1547 949 1587 diversis
986 1561 1036 1588 ex
1066 1547 1170 1588 locis
1201 1547 1246 1587 in
1277 1546 1492 1587 matrimo-

209 1601 329 1641 nium
366 1601 596 1654 postulari:
636 1602 765 1656 hique
804 1606 925 1644 erant
964 1603 1015 1644 ab
1055 1602 1272 1657 Zacyntho
1312 1601 1492 1643 Echina

211 1656 332 1697 dibus
361 1657 545 1698 Leucata
570 1658 728 1699 Ithaca.
781 1659 834 1700 ob
867 1673 973 1713 quae
1003 1660 1147 1700 multis
1177 1659 1372 1713 precibus
1400 1673 1493 1712 per-

209 1712 358 1754 suadet
387 1713 497 1768 regi,
537 1715 600 1755 uti
639 1729 779 1756 secum
820 1714 872 1755 ad
903 1715 1198 1756 vindicandam
1229 1714 1492 1756 matrimonii

212 1769 413 1810 iniuriam
442 1771 672 1825 navigaret
725 1770 796 1812 sed
827 1774 1052 1825 postquam
1076 1771 1282 1812 devenere
1314 1770 1367 1812 ad
1397 1785 1493 1812 eum

160 1840 193 1865 30
211 1825 352 1866 locum
398 1805 613 1880 paulisper
651 1827 861 1868 occultato
901 1826 1048 1880 Ulixe,
1080 1828 1153 1868 ubi
1193 1827 1493 1868 Telemachum

211 1896 313 1935 rem,
356 1896 462 1935 quae
492 1883 733 1936 parabatur,
775 1883 990 1937 edocuere,
1029 1884 1201 1925 domum
1240 1883 1292 1924 ad
1324 1882 1494 1924 Ulixem

212 1915 320 1979 clani
349 1939 548 1980 veniunt:
580 1940 652 1980 ubi
684 1940 818 1981 multo
854 1941 953 1981 11110
985 1943 1111 1995 atque
1143 1939 1278 1993 epulis
1307 1939 1494 2003 ieplet-os

212 1995 296 2035 iam
326 2008 479 2048 procos
510 1996 693 2050 ingressi
724 1996 997 2037 inteificiunt.
1050 1996 1147 2037 dein
1174 2010 1249 2050 per
1280 1996 1494 2037 civitatem

212 2049 369 2092 Ulixen
400 2032 648 2093 adventasse
679 2053 955 2106 popularibus
987 2053 1206 2108 cognitum
1238 2055 1313 2106 est,
1345 2067 1370 2093 a
1400 2053 1494 2107 quis

162 2120 195 2145 35
212 2107 397 2162 benigne
429 2110 472 2148 01
501 2123 597 2150 011111
628 2109 697 2149 sav
688 2124 773 2150 ·010
805 2112 1005 2163 exceptus
1038 2113 1209 2163 cuncta,
1242 2123 1348 2163 quae
1380 2108 1494 2150 domi

305 2236 320 2265 1
360 2234 554 2276 Cyclopam
583 2234 644 2266 GB
692 2235 856 2277 Cyclopa
882 2237 976 2267 edili.
1071 2237 1090 2268 8
1124 2236 1306 2267 circonum
1333 2234 1359 2266 G
1454 2235 1495 2266 15

213 2279 385 2310 caribdim
415 2279 477 2311 Gli
564 2282 606 2311 ‘33
631 2280 859 2312 celeritatem
881 2281 907 2312 G
933 2280 1066 2312 celebr.
1088 2280 1118 2311 l›¹
1203 2281 1243 2312 27
1272 2279 1447 2311 Leucada
1467 2279 1495 2311 G

212 2326 254 2356 30
281 2325 474 2366 paucispcr
501 2325 529 2357 G
569 2324 665 2366 paul.
694 2325 724 2355 B
