1621 2550
25 0 60 185 *tw-*m

471 113 619 145 annm
644 112 845 146 'monim
870 115 964 148 LIB
990 115 1030 146 v.
1331 115 1380 157 91

103 213 396 268 praesentibus
434 214 617 253 Panthus
662 212 890 266 ceterique,
941 227 1121 267 quorum
1161 214 1384 256 consilium

107 268 398 324 praevalebat,
436 267 571 309 multa
608 267 810 309 disserere
841 271 968 322 atque
999 268 1148 310 docere
1179 284 1246 322 ea,
1279 285 1384 324 quae

104 327 231 366 antea.
259 326 379 387 gesta
399 326 542 365 essent
570 326 728 365 temere
759 326 801 365 et
830 324 1086 378 inconsulta,
1116 339 1204 367 non
1225 340 1300 379 per
1329 341 1384 377 se,

106 380 264 444 quippe
303 395 376 434 qui
415 379 649 434 contempti
688 379 935 434 disiectique
983 381 1035 422 ab
1074 358 1231 436 regulis
1278 382 1386 423 arbi-

102 436 187 478 trio
218 435 359 477 alieno
396 439 584 491 agerent.
644 438 829 477 ceterum
874 436 988 490 quod
1027 451 1144 477 arma
1188 438 1386 478 adversus
1406 449 1422 475 5

105 491 291 534 Graecos
321 491 539 545 tulissent,
577 505 665 533 non
696 495 847 546 sponte
878 493 1059 533 f:actum
1099 507 1281 546 namque
1313 494 1385 547 qui

102 548 182 590 sub
212 547 390 602 imperio
422 548 561 590 alieno
592 551 786 603 agerent,
826 548 1132 602 expectandum
1162 549 1229 590 his
1260 552 1386 603 atque

104 604 398 658 exequendum
429 618 518 646 esse
547 607 697 645 nutum
729 604 831 657 eius,
874 604 946 667 qui
976 607 1132 645 teneat.
1194 604 1248 667 ob
1280 619 1386 667 quae

105 660 283 715 dignum
320 675 410 701 esse
441 661 624 701 Graecos
663 659 761 700 data
790 660 915 701 venia
945 661 1164 701 consulere
1196 660 1275 714 eis,
1314 661 1386 714 qui

108 730 275 770 semper
311 719 504 757 auctores
542 715 656 769 pacis
687 715 858 756 fuerint.
919 719 1105 757 ceterum
1136 731 1161 757 a
1191 716 1386 757 Troianis
1407 728 1438 752 10

104 771 160 814 ob
197 771 307 813 male
352 771 546 813 consulta
589 771 692 812 satis
736 786 969 825 poenarum
1016 774 1222 813 exactum.
1290 771 1388 813 dein

103 827 240 869 multo
261 827 363 869 hinc
384 831 510 882 atque
541 827 638 868 inde
660 827 806 869 habito
838 842 1032 869 sermone
1053 827 1105 868 ad
1125 830 1388 882 postremum

99 883 156 939 ‚de
185 882 312 925 modo
343 884 629 938 praemiorum
668 883 738 938 agi
768 887 978 938 coeptum.
1039 887 1128 925 tum
1160 883 1388 925 Diomedes

105 940 294 994 quinque
332 940 452 981 milia
488 939 746 981 talentorum
786 940 878 981 auri
916 954 964 980 ac
1003 939 1180 981 totidem
1219 940 1386 995 argenti

106 998 245 1050 optat,
276 999 494 1050 praeterea
522 996 654 1037 tritici
676 998 855 1037 centena
879 996 1016 1037 milia:
1048 1010 1179 1050 eaque
1210 1010 1286 1050 per
1316 1010 1388 1037 an·
1409 1006 1440 1031 15

105 1066 185 1094 nos
215 1051 371 1094 decem.
430 1055 522 1093 tum
560 1051 729 1093 silentio
768 1051 914 1093 habito
944 1067 968 1093 a
999 1052 1161 1093 cunctis
1194 1053 1389 1093 Antenor

107 1122 196 1150 non
218 1107 478 1149 Graecorum
508 1122 624 1149 more
646 1121 770 1162 agere
801 1122 872 1149 eos
893 1107 1117 1149 adversum
1148 1122 1190 1148 se
1222 1108 1293 1161 ait,
1316 1106 1389 1148 sed

105 1163 306 1205 barbaro:
337 1178 520 1218 namque
552 1163 665 1218 quod
695 1164 963 1218 inpossibilia
991 1163 1278 1218 postularent,
1320 1178 1390 1217 pa-

105 1220 192 1261 lam
221 1219 313 1261 fieri
342 1223 565 1274 praetextu
594 1220 710 1274 pacis
730 1219 889 1261 bellum
920 1234 992 1261 eos
1023 1220 1250 1260 instruere:
1283 1223 1390 1260 cete-

105 1291 201 1317 rum
245 1276 337 1317 auri
380 1279 548 1318 tantum
592 1279 719 1330 atque
759 1276 925 1330 argenti
969 1290 1023 1317 ne
1068 1279 1159 1317 tum
1207 1275 1388 1330 quidem,
1408 1285 1441 1310 20

107 1332 354 1387 priusquam
385 1332 431 1373 in
461 1332 619 1373 auxilia
649 1331 859 1373 conducta
882 1332 1194 1385 dilaceraretur,
1227 1331 1390 1373 civitati

105 1388 249 1430 fuisse.
300 1387 414 1443 quod
444 1389 478 1429 si
499 1403 747 1442 permanere
778 1388 822 1429 in
844 1387 989 1429 eadem
1011 1388 1190 1429 avaritia
1219 1387 1390 1442 vellent,

105 1458 324 1499 superesse
355 1443 563 1498 Troianis,
595 1445 658 1486 uti
689 1445 840 1486 clausis
864 1444 998 1498 portis
1030 1444 1298 1497 incensisque
1329 1443 1391 1485 in-

105 1503 176 1542 tus
206 1500 382 1542 deorum
420 1500 620 1542 aedificiis
659 1501 711 1541 ad
741 1503 1003 1555 postremum
1042 1500 1153 1541 idem
1184 1499 1264 1541 sibi
1295 1513 1391 1540 cum

107 1557 247 1611 patria
267 1557 444 1598 exitium
465 1560 670 1611 peterent.
711 1559 859 1598 contra
875 1556 1121 1597 Diomedes:
1144 1555 1272 1609 „Non
1293 1555 1392 1596 civi·
1411 1563 1444 1589 25

106 1615 239 1654 tatem
269 1615 452 1654 vestram
490 1613 802 1654 consideratum
833 1612 961 1668 Argis
1000 1612 1214 1665 1011111103,
1246 1626 1394 1652 verum

109 1667 332 1709 adversum
354 1683 429 1710 vos
461 1669 712 1710 dimicaturi.
762 1682 972 1723 quocirca,
1004 1669 1091 1709 sive
1123 1668 1250 1709 etiam
1279 1681 1394 1708 nunc

109 1724 266 1766 bellare
298 1724 343 1765 in
364 1725 507 1766 animo
539 1728 614 1778 est,
645 1725 784 1779 parati
807 1724 970 1777 Graeci,
1003 1724 1104 1777 sive,
1129 1727 1177 1765 ut
1197 1724 1271 1777 ais,
1302 1723 1394 1778 igni

108 1780 263 1822 dabitis
299 1780 447 1834 Ilium,
500 1795 588 1823 non
631 1780 972 1835 prohibebimus:
1025 1781 1182 1834 quippe
1222 1779 1394 1821 Graecis

107 1837 270 1878 affectis
307 1837 464 1878 iniuria
502 1837 649 1878 ulcisci
686 1837 830 1878 hostes
868 1851 967 1878 suos
1006 1836 1104 1877 finis
1134 1839 1209 1877 est
1215 1837 1238 1857 “
1304 1838 1446 1876 tumso

108 1892 303 1935 Panthus
333 1893 377 1934 in
399 1894 641 1947 proximum
672 1892 783 1934 diem
805 1893 974 1935 veniam
995 1891 1257 1934 deliberandi
1289 1893 1394 1933 orat.

112 1949 171 1990 ita
202 1949 337 1990 nostri
359 1949 411 1990 ad
432 1950 697 1991 Antenorem
719 1949 878 1991 abeunt
899 1952 1025 2003 atque
1053 1948 1152 1989 inde
1183 1948 1228 1989 in
1249 1947 1395 1989 aedem

110 2004 345 2049 Minervae.

223 2060 320 2103 VII.
377 2060 553 2102 Interim
592 2062 865 2116 cognoscitur
913 2061 958 2102 in
1005 2064 1211 2115 apparatu
1256 2074 1398 2101 rerum

204 2199 220 2229 1
246 2195 426 2241 Panthus]
458 2197 598 2239 lampus
630 2198 709 2229 libri
744 2208 833 2230 corr.
861 2195 1074 2231 Dedericlms
1171 2198 1191 2228 4
1218 2195 1399 2236 despecti-

111 2253 180 2284 que
206 2242 239 2274 B
263 2247 299 2274 a!
322 2243 369 2282 cs.
395 2243 412 2274 1
437 2244 457 2275 8
551 2244 593 2275 13
611 2242 705 2284 quod
731 2244 865 2274 ufdetnr
888 2253 961 2274 esse
986 2245 1018 2274 in
1037 2242 1068 2273 B
1094 2252 1162 2284 quo
1182 2242 1209 2273 G
1235 2251 1314 2272 cum
1333 2240 1404 2271 PV

110 2287 156 2319 20
186 2297 230 2318 ne
262 2286 301 2319 tri
327 2287 359 2318 B
457 2289 500 2320 23
525 2287 659 2319 troiani
691 2288 801 2319 sicuti
827 2287 889 2319 GB
914 2299 1003 2322 corr,
1036 2288 1100 2320 VP
1190 2287 1232 2319 30
1257 2295 1399 2328 quoquo

114 2331 220 2364 modo
246 2333 328 2364 add.
359 2333 424 2364 VP
445 2337 524 2365 ante
548 2332 689 2364 ulcisci.
