1621 2550
449 111 597 144 BELLI
622 111 826 144 TROIANI
851 111 941 143 LIB.
970 111 1030 145 VI.
1306 111 1384 153 103

55 211 61 249 Ῑ
108 211 305 254 addidere
344 225 394 252 ea
433 210 527 265 quis
565 209 714 251 mobili
750 224 875 251 suasu
905 212 1059 251 natura
1087 210 1291 251 muliebre
1323 211 1384 252 in-

105 268 279 324 genium
308 266 444 322 magis
474 265 697 307 adversum
736 280 834 307 suos
874 266 1180 307 incenderetur.
1241 267 1383 320 itaque

107 323 283 379 Aegiale
313 322 608 364 advenientem
629 321 881 363 Diomedem
911 336 986 375 per
1016 321 1128 362 cives
1152 322 1268 362 aditu
1290 336 1384 375 pro-

106 379 237 421 hibet.
311 377 592 432 Clytemestra
634 392 710 432 per
747 377 1003 432 Aegisthum
1051 377 1257 418 adulterio
1305 378 1385 418 sibi

106 435 326 498 cognitum
342 436 709 498 Agamemnonem
729 433 893 474 insidiis
917 433 1031 487 capit
1051 447 1230 487 eumque
1257 433 1384 474 inter·
1403 446 1419 469 5

105 491 214 533 ficit:
258 491 458 544 brevique
505 490 692 544 denupta
738 489 929 530 adultero
975 489 1208 543 Erigonem
1245 503 1295 529 ex
1335 504 1383 531 eo

105 546 206 588 edit.
287 546 457 588 interim
508 545 760 600 Talthybius
817 545 996 586 Oresten
1050 545 1385 600 Agamemnonis

105 602 241 644 filium
293 602 488 643 manibus
534 601 731 657 Aegisthi
777 604 967 655 ereptum
1013 601 1262 654 Idomeneo,
1313 601 1385 655 qui

104 658 218 713 apud
248 657 502 700 Corinthum
541 658 714 713 agebat,
754 657 893 698 tradit.
962 671 1011 698 eo
1051 656 1277 698 Diomedes
1318 671 1385 698 ex-

103 714 251 769 pulsus
280 727 413 769 regno
444 717 487 755 et
507 713 692 754 Teucrus
713 713 954 767 prohibitus
976 711 1191 754 Salamina
1221 727 1246 753 a
1266 712 1385 753 Tela-

105 784 250 823 mone,
291 770 453 811 scilicet
490 769 603 823 quod
641 769 816 810 fratrem
855 768 1019 809 insidiis
1052 769 1386 810 circumventum

106 840 196 868 non
235 825 509 879 defendisset,
553 825 826 867 conveniunt.
903 825 1073 865 interim
1114 824 1386 866 Menestheus

20 908 48 939 5.
104 896 201 940 cum
232 881 396 923 Aethra
424 881 577 922 Thesei
607 884 651 922 et
680 881 884 935 Clymena
921 880 1009 921 filia
1047 881 1136 921 eius
1173 881 1225 922 ab
1255 881 1388 921 Athe-

104 938 323 980 niensibus
353 938 567 992 recipitur,
598 936 883 991 Demophoon
915 939 1041 992 atque
1071 937 1251 978 Acamas
1281 936 1386 977 foris

104 997 291 1035 manent.
351 997 537 1035 ceterum
576 994 649 1035 ubi
679 993 820 1047 plures
859 1007 1023 1046 eorum,
1064 993 1135 1046 qui
1180 1007 1293 1033 mare
1323 993 1386 1033 in·
1422 1011 1436 1027 ·

105 1050 316 1104 sidiasque
347 1064 520 1092 suorum
551 1052 792 1103 evaserant,
825 1049 935 1103 apud
967 1048 1221 1090 Corinthum
1253 1049 1383 1102 fuere,

105 1109 276 1160 cavent,
322 1106 385 1147 uti
424 1106 559 1147 iuncti
604 1106 716 1146 inter
755 1120 798 1146 se
845 1105 1015 1159 singula
1054 1105 1386 1159 aggrederentur

103 1175 237 1217 regna
280 1161 476 1216 belloque
514 1161 675 1203 aditum
713 1161 764 1202 ad
803 1175 901 1202 suos
931 1160 1231 1215 patefacerent.
1293 1175 1385 1201 eam

103 1232 192 1260 rem
222 1217 380 1260 Nestor
409 1217 608 1272 prohibet
652 1217 832 1258 suadens
868 1217 1138 1271 temptandos
1176 1216 1293 1270 prius
1331 1217 1386 1257 ci-

105 1275 223 1315 vium
253 1274 418 1315 animos
447 1288 586 1328 neque
617 1273 986 1326 committendum,
1019 1273 1081 1314 uti
1111 1287 1188 1327 per
1217 1272 1385 1314 seditio-

104 1344 204 1372 nem
226 1329 404 1372 Graecia
434 1330 572 1371 omnis
603 1329 818 1371 intestinis
849 1329 1069 1370 discordiis
1100 1342 1386 1383 corrumpere-

102 1389 185 1428 tur.
235 1400 374 1440 neque
404 1386 538 1427 multo
567 1389 664 1440 post
694 1385 914 1440 cognoscit
935 1384 1162 1426 Diomedes
1191 1385 1236 1426 in
1258 1386 1386 1426 Aeto-

105 1442 163 1484 lia
192 1442 245 1484 ab
281 1442 370 1496 his,
403 1442 475 1496 qui
505 1457 581 1496 per
611 1442 845 1483 absentiam
884 1441 972 1482 eius
1003 1454 1182 1496 regnum
1214 1440 1385 1481 infesta-

105 1499 229 1552 bant,
271 1502 454 1540 Oeneum
492 1498 637 1539 multis
675 1498 889 1539 afflictari:
930 1498 984 1538 ob
1023 1511 1130 1550 quae
1170 1497 1386 1551 profectus

104 1554 157 1596 ad
181 1569 232 1596 ea
260 1555 355 1596 loca
375 1569 533 1608 omnes,
565 1569 671 1608 quos
693 1558 885 1595 auctores
916 1553 1095 1594 iniuriae
1127 1555 1383 1607 reppererat,

105 1610 307 1652 interficit
367 1613 567 1665 metuque
621 1610 818 1651 omnibus
870 1610 1026 1650 circum
1079 1609 1183 1650 locis
1228 1609 1385 1650 iniecto

103 1667 229 1708 facile
260 1667 313 1708 ab
344 1667 430 1707 suis
460 1669 654 1720 receptus
693 1669 766 1707 est.
826 1665 923 1707 inde
954 1679 1029 1720 per
1059 1679 1228 1706 omnem
1259 1665 1386 1706 Grae-

104 1723 212 1764 ciam
242 1722 357 1764 fama
386 1725 479 1764 orta
509 1737 607 1763 suos
644 1722 822 1777 quisque
860 1735 980 1776 reges
1011 1721 1245 1775 accipiunt:
1277 1735 1386 1762 sum-

104 1794 216 1820 mam
247 1779 293 1820 in
322 1778 402 1832 his,
437 1778 509 1832 qui
541 1779 653 1832 apud
674 1778 846 1819 Troiam
875 1777 1151 1830 bellaverant,
1183 1777 1386 1818 virtutem

103 1849 242 1890 neque
272 1835 317 1876 in
348 1834 581 1876 resistendo
613 1835 861 1889 cuiusquam
899 1834 1010 1874 vires
1040 1833 1215 1875 idoneas
1246 1832 1386 1874 existi-

105 1894 282 1933 mantes.
342 1891 403 1932 ita
439 1905 518 1932 nos
557 1905 726 1945 quoque
766 1905 861 1931 cum
892 1890 1119 1931 Idomeneo
1160 1903 1258 1945 rege
1290 1889 1387 1931 Cre-

103 1951 193 1989 tam
251 1947 435 2001 patrium
489 1947 627 1988 solum
681 1961 845 1987 summa
890 1946 1175 2001 gratulatione
1231 1945 1387 1987 civium

103 2003 397 2045 remeavimus.

199 2152 214 2183 l
258 2150 388 2183 mobile
431 2155 562 2193 suapte
606 2151 635 2182 P
758 2151 798 2183 13
842 2149 993 2182 aethera
1035 2151 1088 2182 sei
1128 2150 1189 2182 GB
1249 2149 1388 2181 Aethra

107 2196 241 2228 Thesei
267 2197 298 2228 P
419 2197 460 2228 14
485 2196 652 2229 demofon
680 2195 707 2228 G
727 2194 733 2237 1
755 2195 927 2227 achamas
955 2195 1016 2227 GB
1132 2196 1172 2228 15
1204 2195 1264 2236 qui
1290 2204 1386 2225 mare

106 2241 332 2282 insidiasque
365 2251 508 2273 snorum
533 2242 613 2274 add.
634 2241 665 2272 P
685 2251 747 2274 om.
780 2240 807 2272 G
859 2250 957 2271 mare
984 2240 1206 2282 insidiasque
1243 2249 1387 2271 suorum

105 2296 169 2317 om.
191 2285 221 2317 B
323 2287 367 2318 24
391 2296 533 2318 aenean
554 2286 616 2319 Gb'
657 2285 820 2318 Oeneum
845 2295 935 2319 corr.
960 2285 1138 2318 Mers-erus
1234 2285 1277 2317 28
1303 2293 1388 2316 suas

107 2340 141 2372 q.
168 2330 269 2373 leges
296 2329 358 2363 GB
382 2341 472 2365 corr.
498 2332 541 2364 P.

1405 724 1437 747 10

1404 1283 1436 1307 2⁴)

1404 1562 1436 1588 25
