1621 2550
445 113 594 146 mmm
618 111 821 146 raomm
846 112 937 146 Lm.
966 114 1012 146 11.
1316 113 1372 155 39

88 214 223 270 igitur
251 212 423 255 reducto
445 211 632 253 exercitu
653 223 832 265 corpora
863 225 1035 252 suorum
1066 215 1248 253 cremata
1279 212 1370 268 igni

88 269 312 325 sepeliunt.

201 323 402 367 XXXIII.
462 322 565 372 Quis
602 322 801 377 perfectis
841 322 991 365 Graeci
1031 326 1225 365 statuunt
1262 324 1374 365 inter

89 395 134 423 se
165 380 397 433 Achillem,
443 379 562 421 cuius
601 379 645 420 in
687 378 872 421 adversis
912 378 1171 420 Graecorum
1209 379 1373 421 casibus

88 435 330 479 sollicitudo
367 435 595 490 praecipua
631 433 875 488 videbatur,
915 449 1004 476 rem
1045 435 1235 476 omnium
1274 449 1371 477 con·
1391 446 1407 472 5

91 493 271 534 firmare.
332 492 404 533 sed
434 493 733 547 Agamemnon
765 492 932 545 anxius,
968 505 1022 532 110
1053 490 1178 532 decus
1208 492 1373 546 regium

87 549 321 602 amitteret,
353 548 399 589 in
427 526 606 589 concilio
628 547 757 588 verba
777 547 899 588 facit:
936 547 1016 588 sibi
1046 547 1227 588 maxime
1255 526 1374 588 001·(11

89 619 179 647 esse
209 604 415 647 exercitus
446 603 781 645 incolomitatem
811 617 949 658 neque
979 602 1156 644 ulterius
1187 602 1371 654 differre,

89 661 194 724 quin
213 662 449 714 Astynome
470 659 637 713 parenti
658 659 956 712 remitteretur,
979 659 1160 700 maxime
1191 659 1226 700 si
1255 659 1374 700 resti-

87 717 254 758 tutione
276 717 365 757 eius
395 715 626 756 instantem
647 715 878 778 perniciem
899 692 1264 770 subterfugerent:
1295 728 1374 756 nec
1395 727 1426 753 1)

119 772 317 826 uicquam
341 770 556 825 deprecari
587 771 780 824 amplius,
813 771 849 811 si
880 770 1005 812 modo
1037 771 1082 811 in
1112 770 1252 812 locum
1285 771 1374 812 eius

87 786 440 890 ᾗΡΡοᾱο11110111,
473 840 580 881 quae
622 840 717 867 cum
747 826 915 868 Achille
947 826 1137 882 degeret,
1168 827 1375 868 vicarium

88 898 243 925 munus
265 883 408 925 amissi
428 860 605 925 honoris
627 882 847 936 acciperet.
889 897 994 936 quae
1023 897 1089 924 res
1117 896 1375 937 quamquam

88 942 211 982 atrox
241 939 438 981 omnibus
477 942 519 980 et
555 937 734 993 indigna
771 938 1011 992 videbatur,
1054 942 1197 980 tamen
1228 939 1375 980 conhi-

88 998 214 1037 vente
258 995 448 1048 Achille,
492 995 610 1036 cuius
655 994 698 1035 id
741 995 976 1049 praemium
1020 1009 1096 1049 pro
1142 995 1286 1036 multis
1333 998 1375 1036 et
1394 1006 1426 1032 15

90 1051 273 1107 egregiis
303 1051 564 1093 facinoribus
595 1051 754 1104 fuerat,
787 1051 983 1092 effectum
1015 1051 1175 1092 habuit.
1230 1053 1374 1092 tantus

87 1122 208 1150 amor
237 1121 338 1162 erga
367 1107 598 1148 exercitum
628 1121 811 1161 curaque
842 1111 887 1148 in
907 1107 1049 1148 animo
1082 1106 1243 1161 0810811
1274 1105 1375 1148 adu-

90 1163 288 1205 lescentis
318 1163 542 1204 insederat.
593 1163 725 1218 igitur
748 1162 924 1204 adversa
955 1166 1205 1204 cunctorum
1226 1162 1374 1204 volun-

87 1221 176 1262 tate
213 1233 352 1274 neque
388 1223 532 1260 tamen
571 1233 785 1273 quoquam
824 1219 965 1273 palam
1002 1222 1223 1260 recusante
1262 1220 1374 1273 Aga-

86 1290 310 1329 memnon,
340 1278 558 1330 tamquam
589 1275 642 1316 ab
665 1275 861 1316 omnibus
892 1289 1091 1316 concessa
1121 1289 1186 1316 res
1217 1274 1375 1316 videre·
1393 1287 1426 1314 20

87 1334 170 1385 tur,
200 1331 422 1373 lictoribus
452 1334 499 1372 ut
520 1330 807 1385 Hippodamia
827 1331 1143 1373 abstraheretur
1172 1331 1374 1385 imperat:

89 1388 219 1442 hique
263 1387 383 1429 brevi
436 1387 550 1428 iussa
602 1387 806 1428 efficiunt.
886 1387 1058 1428 interim
1106 1388 1376 1441 Astynomen

88 1443 241 1486 Graeci
293 1457 368 1497 per
411 1442 649 1484 Diomeden
700 1446 826 1497 atque
869 1442 1026 1484 Ulixen
1076 1457 1169 1484 cum
1220 1456 1376 1497 magna

88 1501 211 1554 copia
248 1499 514 1541 victimarum
553 1499 605 1540 ad
651 1498 799 1540 fanum
837 1499 1052 1553 Apollinis
1090 1499 1374 1540 transmisere.

88 1555 188 1597 dein
217 1555 405 1610 perfecto
437 1555 642 1597 sacrificio
665 1555 870 1609 paulatim
901 1555 964 1596 vis
986 1555 1085 1596 mali
1116 1555 1240 1596 leniri
1272 1555 1374 1617 visa,
1394 1567 1427 1592 25

88 1625 228 1666 neque
273 1611 453 1665 amplius
499 1610 752 1665 adtemptari
799 1625 977 1665 corpora
1024 1614 1065 1652 et
1111 1625 1257 1652 eorum
1303 1610 1376 1663 qui

88 1670 216 1709 antea
252 1666 545 1730 fatigabantur
588 1670 806 1720 tamquam
834 1670 1001 1729 sperato
1031 1667 1234 1707 divinitus
1265 1666 1376 1707 leva-

87 1723 203 1765 mine
242 1723 436 1765 relaxari.
504 1723 565 1764 ita
601 1722 719 1764 brevi
758 1737 833 1777 per
867 1737 1112 1764 un1versum
1144 1722 1375 1763 exeicitum

88 1779 314 1821 salubritas
352 1779 559 1834 vigorque
599 1778 749 1820 solitus
786 1782 1013 1820 renovatus
1052 1782 1126 1819 est.
1191 1778 1376 1819 mittitur

88 1835 217 1877 etiam
241 1814 510 1877 Philoctetae
549 1833 600 1876 ad
631 1834 841 1876 Lemnum
870 1835 1009 1889 portio
1049 1833 1228 1889 praedae
1272 1834 1373 1887 eius,
1393 1846 1425 1871 3)

89 1906 217 1955 quam
248 1891 399 1933 Graeci
436 1905 512 1945 per
550 1891 713 1932 Aiacen
751 1893 878 1945 atque
916 1890 1116 1932 Achillen
1155 1867 1374 1931 advectani

88 1947 201 1989 inter
230 1961 274 1988 se
304 1947 466 1988 viritim
496 1947 813 1988 distribuerant.

201 2002 401 2044 XXXIV.
438 2002 635 2045 Ceterum
656 2003 845 2044 Achilles
862 2017 1025 2044 memor
1046 2003 1225 2043 iniuriae
1248 2016 1375 2056 supra

90 2059 225 2100 dictae
257 2058 557 2100 abstinendum
588 2059 759 2113 publico
792 2059 970 2101 consilio
1003 2058 1246 2100 decreverat
1277 2058 1372 2100 odio

90 2115 271 2157 maxime
292 2115 629 2171 Agamemnonis
651 2115 894 2170 abolitoque
918 2129 1074 2169 amore,
1106 2129 1231 2177 quem
1263 2115 1373 2155 circa
1393 2125 1425 2151 3⁵

92 2170 276 2213 Graecos
306 2171 525 2225 habuerat,
557 2171 717 2213 scilicet
738 2171 852 2225 quod
883 2186 1028 2213 eorum
1050 2171 1255 2226 patientia
1277 2174 1374 2224 post

178 2287 199 2318 5
224 2295 346 2328 regem
373 2285 442 2317 PV
511 2286 552 2317 14
569 2285 790 2318 conhiuente
812 2285 860 2319 6²
885 2287 918 2318 in
942 2296 1024 2321 ras..
1043 2296 1104 2317 om.
1125 2284 1157 2316 B
1173 2286 1236 2317 sed
1252 2286 1371 2316 lacuna

87 2331 131 2363 33
155 2329 502 2363 iniuriae—amore
531 2331 568 2363 G.
595 2332 628 2362 in
653 2342 756 2373 marg.
850 2332 893 2364 36
919 2331 1104 2373 pacientia
1131 2329 1168 2362 G.
