1621 2550
215 104 268 145 76
624 103 800 137 DICTYS
827 103 1096 138 CRETENSIS

214 202 286 244 sed
324 203 573 256 priusquam
610 202 736 243 ferire
773 203 886 244 inter
926 218 969 245 se
1008 204 1135 257 acies,
1183 207 1257 245 aut
1295 204 1376 246 iaci
1412 205 1500 246 tela

215 273 411 312 coepere,
442 258 611 299 barbari
642 258 842 299 desolatis
881 259 1099 300 ordinibus
1129 259 1278 315 fugam
1307 260 1495 302 faciunt:

215 315 409 368 caesique
441 327 586 355 eorum
606 313 792 367 plurimi,
824 317 897 356 aut
927 315 973 356 in
993 315 1151 356 flumen
1171 330 1372 370 praeceps
1395 316 1494 370 dati,

216 384 311 411 cum
340 371 442 410 hinc
473 371 600 423 atque
629 370 727 411 inde
758 370 976 425 ingrueret
996 371 1133 412 hostis
1163 374 1290 425 atque
1311 372 1499 426 undique

180 438 196 462 5
215 425 413 478 adempta
440 424 545 480 fuga
574 429 695 466 esset.
755 426 869 479 capti
899 427 1028 467 etiam
1055 426 1227 481 Lycaon
1259 432 1299 468 et
1330 427 1500 469 Troilus

213 480 464 535 Priamidae,
495 495 601 534 quos
632 481 677 521 in
698 481 884 522 medium
904 481 1133 534 productos
1155 482 1345 524 Achilles
1375 484 1497 538 iugu-

215 537 295 577 lari
325 536 443 578 iubet
490 536 736 590 indignatus
775 536 966 578 nondum
1004 537 1085 578 sibi
1115 552 1140 578 a
1172 537 1342 579 Priamo
1375 553 1503 592 super

213 592 301 646 his,
341 606 448 646 quae
480 606 621 633 secum
651 595 926 645 tractaverat,
965 592 1226 634 mandatum.
1288 608 1395 647 quae
1426 595 1502 636 ubi

213 647 547 688 animadvertere
586 647 780 701 Troiani,
816 648 976 689 tollunt
1011 649 1194 704 gemitus
1234 651 1276 690 et
1313 649 1497 691 clamore

163 716 196 740 10
213 703 386 757 lugubri
416 703 550 744 Troili
581 717 724 744 casum
753 703 1040 745 miserandum
1070 705 1115 745 in
1136 704 1309 746 modum
1339 705 1496 746 deflent

212 758 423 800 recordati
454 761 636 800 aetatem
667 759 756 800 eius
787 760 1014 801 admodum
1045 760 1314 814 inmaturam,
1347 761 1420 815 qui
1451 761 1497 802 111

213 815 362 869 primis
391 815 598 869 pueritiae
630 816 753 856 annis
784 829 881 856 cum
908 816 1165 858 verecundia
1196 831 1243 857 ac
1273 817 1501 870 probitate,

213 875 306 912 tum
334 871 561 924 praecipue
600 871 739 912 forma
779 872 968 925 corporis
999 872 1193 913 amabilis
1229 875 1356 926 atque
1387 886 1501 914 acce-

214 929 314 980 ptus
343 926 621 979 popularibus
652 926 928 968 adolescebat.

163 995 195 1019 15
325 981 378 1023 X.
437 981 602 1023 Deinde
645 983 871 1024 transactis
914 983 1062 1042 paucis
1109 982 1255 1024 diebus
1309 983 1499 1024 solemne

212 1037 471 1092 Thymbraei
491 1037 708 1091 Apollinis
737 1039 911 1080 incessit
941 1041 983 1079 et
1012 1039 1178 1092 requies
1208 1038 1397 1080 bellandi
1422 1053 1501 1093 per

211 1094 399 1134 indutias
437 1093 701 1147 interposita.
751 1097 844 1135 tum
865 1097 1046 1148 utroque
1077 1095 1265 1136 exercitu
1287 1095 1494 1136 sacrificio

212 1149 435 1190 insist-ente
487 1149 681 1190 Priamus
744 1152 911 1204 tempus
969 1153 1152 1191 nanctus
1210 1150 1384 1192 Idaeum
1442 1151 1496 1191 ad

213 1205 415 1246 Achillen
444 1219 571 1259 super
600 1205 820 1260 Polyxena
850 1220 946 1248 cum
976 1206 1186 1247 mandatis
1216 1207 1361 1248 mittit.
1423 1207 1497 1247 sed

163 1275 196 1300 20
214 1261 289 1302 ubi
324 1260 515 1302 Achilles
562 1261 607 1302 in
645 1261 741 1303 luco
782 1276 850 1315 ea,
897 1276 1005 1316 quae
1045 1262 1179 1302 inlata
1220 1265 1362 1315 erant,
1404 1276 1502 1303 cum

212 1317 341 1358 Idaeo
372 1317 599 1370 separatim
620 1317 672 1358 ab
694 1317 788 1358 aliis
819 1318 1099 1372 recognoscit,
1126 1318 1299 1372 cognita
1319 1331 1365 1359 re
1386 1317 1501 1372 apud

213 1386 344 1414 naves
378 1373 556 1427 suspitio
595 1373 769 1414 alienati
811 1373 927 1415 ducis
971 1376 1013 1414 et
1051 1373 1103 1414 ad
1132 1376 1397 1427 postremum
1439 1374 1505 1414 in-

214 1428 405 1484 dignatio
446 1431 604 1470 exorta.
663 1443 848 1482 namque
887 1432 1011 1470 antea
1049 1443 1264 1470 rumorem
1293 1429 1500 1484 proditio-

213 1485 280 1525 nis
311 1488 453 1526 ortum
482 1484 712 1525 clementer
741 1499 817 1538 per
847 1486 1078 1526 exercitum
1108 1485 1154 1526 in
1184 1499 1332 1526 verum
1361 1488 1498 1526 traxe-

164 1553 196 1579 25
215 1543 324 1581 rant.
386 1541 440 1581 ob
478 1555 585 1594 quae
627 1541 753 1581 simul
791 1541 855 1582 uti
885 1541 1122 1582 concitatus
1153 1541 1300 1582 militis
1332 1541 1503 1582 animus

215 1596 441 1650 leniretur,
481 1597 591 1638 Aiax
639 1611 734 1638 cum
770 1596 977 1638 Diomede
1026 1600 1067 1638 et
1107 1595 1231 1638 Ulixe
1271 1597 1323 1638 ad
1359 1597 1504 1638 lucum

215 1655 403 1706 pergunt
438 1651 568 1706 hique
609 1655 708 1693 ante
745 1653 953 1706 templum
1002 1653 1208 1694 resistunt
1247 1653 1500 1707 operientes,

216 1708 251 1748 si
288 1707 579 1762 egrederetur,
619 1708 820 1749 Achillen
857 1708 1067 1762 simulque
1107 1709 1169 1750 uti
1207 1723 1297 1749 rem
1338 1711 1502 1763 gestam

216 1764 362 1804 iuveni
392 1763 615 1817 referrent,
648 1763 697 1804 de
729 1767 868 1805 cetero
900 1764 1028 1805 etiam
1057 1763 1318 1806 deterrerent
1348 1766 1393 1805 in
1422 1764 1507 1806 col-

164 1832 197 1858 30
215 1819 363 1873 loquio
395 1819 505 1860 clam
537 1834 632 1861 cum
662 1820 855 1861 hostibus
887 1833 1024 1875 agere.

328 1875 404 1918 XI.
470 1875 648 1916 Interim
686 1875 930 1917 Alexander
983 1876 1230 1930 compositis
1276 1876 1361 1917 iam
1411 1889 1507 1917 cum

218 1930 449 1985 Deiphobo
488 1931 653 1972 insidiis
699 1932 932 1987 pugionem
972 1932 1181 1974 incinctus
1219 1931 1272 1973 ad
1303 1931 1505 1973 Achillen

218 1986 458 2041 ingreditur
496 1987 771 2029 confirmator
801 1988 934 2029 veluti
967 2002 1133 2041 eorum,
1167 2002 1274 2042 quae
1310 1987 1508 2029 Priamus

214 2043 499 2097 pollicebatur
524 2057 706 2098 moxque
738 2043 790 2084 ad
823 2058 961 2097 aram,
995 2058 1078 2098 quo
1109 2058 1163 2085 ne
1196 2044 1331 2085 hostis
1363 2043 1510 2085 dolum

306 2167 349 2199 X.
375 2167 436 2199 XI.
463 2168 592 2200 Malal.
620 2169 693 2200 165.
722 2170 786 2201 166
820 2167 974 2201 Cedren.
1013 2168 1042 2200 P
1071 2170 1133 2202 130
1164 2169 1288 2201 Tzetz.
1322 2167 1507 2200 Posthom.

216 2212 397 2245 385—425
423 2212 547 2245 Const.
574 2213 735 2245 Manass.
763 2214 791 2245 P
817 2215 870 2246 29.

307 2314 326 2344 2
352 2312 484 2345 solutis
508 2314 537 2343 V
611 2314 650 2346 18
677 2313 834 2358 nanctus
855 2313 882 2346 G
960 2315 1003 2347 34
1029 2324 1073 2347 ne
1100 2324 1171 2356 qua
1196 2315 1309 2346 maluit
1336 2314 1509 2346 Heinsius.
