1621 2550
453 99 601 133 BELLI
623 98 822 132 TROIANI
846 98 938 131 LIB.
964 99 1011 131 11.
1319 101 1369 141 21

91 199 305 262 spondens
334 197 524 252 ipsorum
545 197 686 251 potius
708 197 767 238 ait
788 197 912 251 culpa
942 197 1114 250 factum,
1137 199 1248 252 quod
1271 202 1372 241 ami-

90 255 281 297 cissimos
312 257 355 295 et
383 253 551 294 iunctos
582 252 663 294 sibi
693 253 860 307 generis
881 253 1099 294 adfinitate
1131 268 1263 309 regno
1296 271 1370 296 suo

93 309 293 365 adpulsos
331 309 611 365 ignoraverit:
657 309 990 362 praemittendos
1028 289 1203 350 etenim*
1228 311 1370 364 fuisse,

89 379 166 421 per
185 379 292 421 quos
314 344 487 428 cognito
509 379 655 406 eorum
676 364 861 406 adventu
883 365 1088 406 obviam
1077 379 1137 406 1re
1158 367 1373 421 gratulan-

88 426 176 464 tem
197 421 434 476 oportuerit
453 424 579 475 atque
601 420 733 462 amice
756 420 946 483 hospitio
965 424 1155 474 receptos
1158 400 1373 464 C'donatos-
1391 435 1406 459 ⁵

92 491 173 532 que
189 477 448 531 muneribus,
469 491 563 518 cum
583 476 879 518 commodum
868 477 969 531 1psis
989 476 1213 530 videretur,
1235 479 1374 519 remit-

92 538 196 575 tere.
246 536 433 574 ceterum
453 532 649 573 militiam
679 532 902 574 adversum
923 532 1139 574 Priamum
1162 547 1371 574 recusare:

90 588 338 643 Astyochen
360 589 473 630 enim
495 588 652 629 Priami
683 588 870 629 iunctam
902 589 982 629 sibi
1004 589 1291 643 matrimonio,
1323 604 1373 630 ex

93 659 176 700 qua
195 643 440 700 Eurypylus
471 644 641 698 genitus
672 644 929 685 artissimum
959 644 1189 686 adfinitatis
1219 646 1374 700 pignus

87 699 378 741 intercederet.
413 699 510 740 dein
530 713 710 753 propere
731 699 1020 753 popularibus,
1044 701 1106 741 uti
1127 701 1179 741 ab
1202 701 1372 755 incepto
1395 715 1424 737 10

89 755 350 808 desisterent,
382 755 571 796 nuntiari
601 755 738 796 iubet:
770 758 896 809 atque
927 756 986 796 ita
1010 757 1166 797 nostris
1198 757 1373 798 liberam

88 811 329 865 egrediendi
349 811 529 852 navibus
549 813 803 865 potestatem
831 812 1052 865 permittit.
1104 811 1373 866 Tlepolemus

89 872 131 915 et
161 867 234 921 qui
265 880 360 908 cum
398 881 447 908 eo
488 870 692 908 venerant
726 866 843 921 Eur)
846 867 945 921 pylo
983 867 1210 909 traduntur
1246 867 1373 922 hique

87 923 287 977 perfectis
317 937 424 977 quae
456 923 677 977 cupierant
707 922 759 964 ad
796 937 924 964 naves
960 927 1145 979 pergunt
1175 925 1373 965 nuntian-

87 984 151 1020 tes
188 979 503 1034 Agamemnoni
540 993 589 1020 ac
619 979 793 1033 reliquis
824 979 994 1034 regibus
1024 994 1169 1033 pacem
1201 995 1372 1022 concor·
1394 992 1424 1016 15

89 1034 286 1089 diamque
317 1049 412 1076 cum
442 1034 645 1089 Telepho.

200 1090 275 1132 VI.
337 1089 452 1138 Quae
484 1091 555 1131 ubi
587 1104 804 1144 accepere,
845 1094 1095 1144 apparatum
1134 1092 1233 1132 belli
1273 1092 1372 1133 laeti

88 1147 306 1188 omittunt.
375 1146 474 1188 dein
512 1161 562 1187 ex
601 1147 767 1188 consilii
805 1147 1015 1188 sent-entia
1055 1147 1241 1189 Achilles
1279 1162 1374 1189 cum

86 1202 217 1244 Aiace
261 1202 314 1244 ad
358 1201 594 1256 Telephum
638 1217 890 1257 pervenere,
945 1217 1123 1257 eumque
1169 1204 1372 1245 iactatum

86 1258 254 1313 magnis
275 1258 491 1300 doloribus
523 1259 745 1310 consolati,
777 1261 824 1300 ut
846 1259 1025 1300 viriliter
1055 1259 1371 1300 incommodum
1391 1272 1423 1296 20

85 1313 217 1356 ferret
246 1313 594 1368 deprecabantur.
654 1318 698 1356 at
727 1314 961 1368 Telephus,
1005 1315 1077 1356 ubi
1108 1315 1373 1369 aliquantum

86 1370 253 1423 requies
285 1369 443 1412 doloris
475 1371 780 1423 intercesserat,
808 1369 991 1412 Graecos
1022 1371 1228 1424 incusare,
1261 1371 1373 1425 quod

86 1440 139 1467 ne
164 1426 364 1467 nuntium
385 1426 555 1481 quidem
576 1426 781 1468 adventus
812 1427 876 1467 sui
898 1427 1227 1480 praemisissent.
1273 1427 1372 1469 dein

86 1485 375 1536 percontatur,
407 1483 581 1536 quinam
613 1486 655 1524 et
684 1482 833 1537 quanti
854 1481 1084 1536 Pelopidae
1115 1483 1160 1524 in
1192 1498 1240 1524 ea
1266 1483 1374 1524 mili-

86 1537 147 1578 tia
176 1541 317 1579 essent
347 1538 578 1592 doctusque
609 1539 753 1580 multis
788 1539 983 1592 precibus
1014 1542 1128 1592 orat,
1171 1543 1216 1580 ut
1246 1538 1298 1580 ad
1329 1553 1371 1580 se
1391 1549 1423 1575 2⁵

88 1607 235 1634 omnes
266 1595 454 1635 veniant.
515 1598 616 1636 tunc
647 1595 784 1636 nostri
815 1594 1002 1635 facturos
1033 1609 1077 1635 se
1109 1572 1215 1648 c'luae
1246 1595 1375 1635 vellet

84 1648 265 1703 polliciti
296 1649 549 1690 desiderium
578 1651 691 1705 regis
724 1650 898 1704 reliquis
927 1651 1191 1691 nuntiavere
1243 1651 1374 1705 igitur

87 1719 233 1746 omnes
271 1704 499 1759 Pelopidae
539 1710 706 1760 praeter
744 1709 1112 1761 Agamemnonem
1151 1710 1193 1747 et
1232 1706 1374 1747 Mene-

86 1760 200 1802 laum
231 1761 276 1802 in
305 1775 438 1802 unum
458 1763 707 1818 congregati
738 1763 790 1803 ad
785 1740 1047 1815 ²³Telephum
1068 1762 1246 1803 veniunt
1267 1763 1371 1803 mul-

84 1821 260 1880 tumque
290 1817 591 1872 gratulationis
630 1823 756 1873 atque
795 1818 983 1859 laetitiae
1021 1819 1260 1872 praesentia
1299 1832 1373 1859 sua
1391 1832 1423 1852 :w

85 1874 176 1932 regi
214 1873 427 1936 optulere:
467 1888 515 1915 ac
555 1873 705 1916 deinde
743 1874 989 1916 muneribus
1025 1874 1199 1929 largiter
1229 1874 1374 1915 donati

86 1927 272 1992 hospitio
310 1930 584 1984 recipiuntur.
652 1945 790 1985 neque
829 1933 974 1972 tamen
1013 1931 1135 1971 miles
1174 1930 1373 1984 reliquus,

86 1984 159 2039 qui
206 1985 319 2039 apud
361 1999 491 2027 naves
535 1990 645 2041 erat,
698 1987 1014 2029 munificentiae
1064 1987 1175 2041 regis
1226 2000 1374 2041 expers

84 2041 187 2095 fuit,
225 2055 410 2095 namque
449 2055 499 2083 ex
536 2056 714 2085 numero
754 2043 927 2084 navium
973 2042 1233 2084 frumentum
1276 2042 1373 2083 alia-

174 2224 195 2256 5
220 2222 386 2265 hospicio
420 2223 448 2256 G
517 2224 537 2255 6
569 2224 685 2266 ipsius
713 2223 776 2256 GB
845 2224 866 2257 8
892 2224 1082 2257 astiochen
1110 2225 1137 2256 G
1229 2225 1248 2255 9
1274 2232 1375 2263 eury-

83 2266 180 2309 pilus
206 2267 234 2300 G
333 2269 375 2301 23
413 2268 658 2310 praemissent
693 2269 721 2302 G
813 2269 855 2301 27
887 2268 1069 2302 desiderio
1104 2268 1149 2301 G¹
1246 2269 1287 2300 32
1314 2268 1374 2299 ho-

85 2312 199 2354 spicio
227 2311 290 2345 GB
311 2312 315 2355 Ι
337 2313 523 2356 recipiunt
550 2313 587 2346 G.
