1621 2550
159 116 214 158 38
564 117 739 151 DICTYS
766 118 1033 152 CRETENSIS

270 214 429 257 XXXI.
480 215 600 257 Tunc
620 217 920 271 Agamemnon
942 219 1184 260 coniectans
1205 220 1319 274 quod
1339 233 1439 262 mox

157 271 321 326 accidit,
354 271 532 314 consilio
553 272 706 313 tacitus
728 286 919 328 egressus
950 277 1137 329 cunctos,
1160 289 1266 329 quos
1297 289 1439 317 secum

154 326 384 381 habuerat,
415 328 460 368 in
491 327 618 368 armis
649 343 738 370 esse
769 329 897 370 iubet.
955 329 999 371 id
1028 331 1102 372 ubi
1132 331 1321 373 Achilles
1352 331 1441 373 ani—

154 383 401 436 madvertit,
455 386 691 425 commotus
741 385 802 426 rei
841 385 1137 440 indignatione
1188 387 1314 428 simul
1347 402 1440 441 per-

119 439 264 480 5nicie
303 438 454 480 defessi
493 440 700 481 exercitus
731 441 881 482 anxius
925 441 1223 484 defunctorum
1261 457 1441 497 corpora

152 494 441 536 miserandum
479 495 525 536 in
562 496 733 537 modum
772 496 966 538 confecta
1004 498 1191 552 undique
1229 499 1275 540 in
1305 514 1438 541 unum

153 550 299 607 colligi
336 551 454 592 iubet
491 554 617 605 atque
655 551 701 592 in
738 555 952 594 conventu
998 556 1096 595 ante
1136 568 1209 596 ora
1247 555 1440 596 omnium

150 607 299 660 proici.
360 621 443 661 quo
475 607 714 660 spectaculo
747 607 850 649 adeo
882 609 1085 650 commoti
1122 623 1243 665 reges
1273 613 1439 665 gentes-

153 677 236 716 que
268 677 427 716 omnes,
459 663 522 704 uti
551 663 773 705 adversum
793 665 1161 719 Agamemnonem
1192 666 1245 707 ab
1276 667 1440 708 cunctis

103 729 136 754 10
152 721 402 774 pergeretur
440 718 545 760 duce
583 722 711 774 atque
741 723 914 762 auctore
945 721 1112 763 Achille
1143 724 1186 763 et
1216 722 1251 763 si
1280 725 1440 776 persta-

156 777 222 815 ret
271 774 473 816 suadente
519 775 648 817 exitio
686 775 1000 818 vindicandum.
1078 792 1184 832 quae
1230 778 1304 819 ubi
1348 779 1440 834 regi

151 831 369 884 nuntiata,
408 831 642 885 pertinacia
681 832 813 873 animi
851 847 906 874 an
937 834 990 875 ob
1030 848 1216 875 amorem
1247 835 1439 888 captivae

153 889 307 928 cuncta
337 890 525 928 extrema
554 891 671 928 ratus
703 889 884 942 experiri
914 888 1024 930 nihil
1054 890 1357 931 remittendum
1389 890 1439 932 de

151 943 363 983 sententia
393 943 691 985 destinaverat.

100 1009 134 1035 15
264 998 443 1040 XXXII.
493 999 558 1040 Ea
585 1002 813 1053 postquam
834 1000 1008 1042 Troiani
1029 1015 1281 1056 cognovere,
1313 1002 1440 1043 simul

150 1068 201 1095 ex
241 1054 373 1096 muris
411 1055 790 1110 conflagrationem
834 1071 1061 1111 corporum
1105 1058 1316 1099 assiduam
1354 1071 1440 1100 cre-

149 1110 331 1164 brasque
362 1111 600 1165 sepulturas
631 1111 967 1154 animadvertere
989 1113 1187 1168 doctique
1218 1114 1346 1155 etiam
1377 1128 1441 1155 re-

149 1165 290 1220 liquos
320 1167 590 1209 incommodo
623 1167 753 1209 cladis
784 1169 873 1210 eius
916 1169 1073 1211 debiles
1104 1183 1251 1225 agere,
1291 1170 1440 1212 cohor-

149 1222 230 1263 tati
271 1222 384 1264 inter
421 1237 464 1264 se
504 1238 621 1265 arma
658 1224 833 1279 capiunt
871 1239 919 1266 ac
956 1239 1136 1279 propere
1175 1240 1271 1267 611111
1309 1241 1439 1268 manu

99 1290 132 1316 20
151 1278 347 1319 auxiliari
386 1279 507 1320 effusi
544 1280 680 1334 portis
717 1284 903 1335 pergunt
948 1282 1185 1323 advorsum.
1253 1296 1301 1323 ac
1342 1282 1440 1323 dein

149 1348 226 1388 per
256 1349 427 1389 campos
459 1336 646 1377 exercitu
676 1337 878 1390 bipertito
909 1337 1108 1378 Troianis
1138 1337 1311 1392 Hector,
1343 1336 1438 1380 Sar-

148 1390 291 1444 pedon
336 1391 611 1433 auxiliaribus
657 1392 782 1433 duces
825 1392 940 1434 facti.
1016 1396 1108 1435 tum
1151 1394 1289 1435 nostri
1333 1394 1436 1436 visis

150 1449 300 1488 contra
328 1446 524 1489 hostibus
555 1449 706 1489 armati
745 1451 872 1503 atque
910 1449 1108 1491 instructi
1146 1464 1223 1503 pro
1263 1451 1438 1505 negotio

153 1502 335 1556 simplici
365 1504 505 1545 forma
535 1504 668 1545 aciem
698 1518 973 1559 composuere
1004 1505 1115 1547 circa
1145 1520 1305 1547 cornua
1335 1506 1439 1548 divi-

103 1571 135 1596 25
154 1559 210 1599 sis
242 1558 438 1600 ducibus:
471 1559 666 1601 dextrum
695 1560 886 1603 Achilles
917 1575 1013 1602 cum
1044 1561 1298 1616 Antilocho,
1337 1562 1437 1604 alte-

152 1629 246 1655 rum
277 1615 386 1656 Aiax
417 1615 689 1658 Telamonius
721 1631 815 1659 cum
846 1616 1053 1659 Diomede
1093 1618 1319 1672 curabant,
1354 1633 1440 1660 me-

153 1670 243 1711 dios
265 1685 461 1725 accepere
482 1672 592 1713 Aiax
614 1673 721 1714 alter
748 1676 874 1727 atque
895 1673 1147 1715 Idomeneus
1168 1673 1252 1715 dux
1280 1677 1438 1716 noster.

153 1727 235 1768 hoc
265 1726 391 1768 modo
424 1728 611 1769 exercitu
642 1728 855 1782 utrimque
887 1730 1122 1783 composito
1147 1733 1334 1786 pergunt
1365 1731 1438 1773 ob-

154 1783 278 1824 viam.
339 1786 383 1824 at
412 1783 485 1824 ubi
515 1784 560 1824 in
591 1799 740 1826 manus
771 1787 946 1826 ventum
977 1788 1059 1839 est,
1097 1786 1309 1827 cohortati
1339 1801 1438 1829 suos

99 1861 132 1887 30
152 1839 330 1893 quisque
368 1840 456 1881 acie
495 1840 734 1882 conflixere.
802 1843 894 1882 tum
931 1855 1031 1883 vero
1077 1842 1121 1883 in
1168 1842 1436 1897 aliquantum

149 1897 286 1936 tracto
333 1896 562 1937 certamine
606 1896 779 1950 plurimi
834 1897 1053 1952 utriusque
1104 1899 1237 1952 partis
1282 1899 1439 1941 cadunt

148 1952 504 2005 praecellentibus
536 1953 580 1993 in
612 1967 658 1993 ea
690 1967 833 2008 pugna
872 1953 1149 1996 barbarorum
1181 1954 1365 1997 Hectore
1397 1958 1438 1997 et

150 2007 407 2062 Sarpedone,
440 2009 696 2050 Graecorum
728 2008 934 2051 Diomede
967 2024 1060 2051 cum
1083 2010 1291 2053 Menelao.
1339 2011 1437 2053 dein

149 2078 235 2105 nox
276 2065 512 2106 eommunis
551 2065 772 2107 amborum
810 2066 976 2120 requies
1014 2067 1224 2121 proelium
1255 2067 1435 2110 diremit.

238 2202 258 2232 2
285 2211 352 2242 que
382 2201 426 2233 G·
523 2204 543 2235 3
568 2202 747 2235 habuerat
765 2221 805 2226 -—-
823 2203 1083 2237 animaduertit
1112 2206 1139 2237 G
1164 2207 1196 2237 in
1222 2216 1325 2248 mary.
1415 2208 1436 2239 8

149 2245 279 2277 adeum
307 2246 335 2277 G
429 2248 468 2278 12
507 2249 705 2289 pertinatia
733 2249 760 2281 G
855 2250 895 2282 13
911 2253 1063 2292 paratus
1094 2251 1134 2288 Γ,
1168 2251 1259 2294 quod
1281 2252 1434 2293 suspico-

149 2295 201 2322 tns
231 2295 282 2323 est
307 2292 405 2323 etiam
431 2293 629 2325 Perizonius
722 2295 764 2326 25
790 2294 947 2327 antiloco
976 2295 1038 2328 GB
1130 2297 1170 2328 31
1199 2295 1344 2338 plurimi
1369 2307 1431 2331 om.

151 2334 225 2377 GB,
251 2335 373 2368 habent
398 2337 468 2368 Pt'
549 2339 591 2371 32
617 2338 810 2371 barbarum
832 2340 859 2371 G
887 2343 914 2360 ‘⁰
940 2342 969 2371 l.
997 2352 1036 2375 m.
1062 2350 1136 2383 sup.
1163 2351 1229 2374 scr.
