1621 2550
153 97 208 138 36
562 95 734 128 DICTYS
762 95 1029 129 CRETENSIS

153 197 346 250 leamque
378 195 571 236 civitates
609 194 769 236 divitiis
806 195 972 237 nobiles
1010 195 1124 250 capit
1160 209 1298 250 neque
1337 209 1436 238 con·

154 254 298 294 tentus
353 251 422 292 his
477 250 715 305 Gargarum
768 251 968 292 Arisbam
1019 251 1263 302 Gerqitham
1315 249 1439 305 Scep-

154 309 235 349 sim
285 307 499 349 Larissam
553 305 799 348 admi1anda
863 307 1079 349 celeritate
1143 307 1437 362 depopulatur.

155 364 254 405 dein
292 364 439 404 doctus
477 363 530 404 ab
575 362 726 404 incolis
777 363 912 405 multa
966 363 1250 405 cuiuscemodi
1286 377 1441 418 pecora

119 432 136 458 5
156 421 202 462 in
230 419 357 460 Idaeo
389 421 534 460 monte
565 419 782 472 stabulari,
814 419 1139 473 exposcentibus
1160 419 1233 473 qui
1265 433 1361 461 cum
1390 433 1439 461 00

156 478 278 517 erant
315 474 476 517 cunctis
515 475 597 516 cito
638 475 807 529 agmine
846 477 1036 516 montem
1066 475 1283 530 ingressus
1312 476 1442 517 inter-

154 531 276 573 fectis
307 544 486 586 gregum
517 531 761 572 custodibus
791 544 992 585 magnam
1022 530 1108 571 vim
1137 545 1338 585 pecorum
1369 532 1440 573 ab·

155 588 284 629 ducit.
345 587 444 628 dein
473 587 592 628 nullo
634 587 825 628 omnium
865 587 1134 640 adversante,
1165 587 1328 629 cunctis
1359 601 1443 641 qua

155 644 359 698 pergebat
397 643 444 683 in
480 642 628 697 fugam
666 642 817 696 versis,
864 643 938 684 ubi
983 645 1150 706 tempus
1190 643 1328 684 visum
1367 645 1442 696 est,

105 712 138 737 ιο
158 714 254 741 011111
283 712 441 753 11138113
470 698 626 752 praeda
656 699 709 740 ad
738 713 836 741 suos
867 699 1091 741 convertit.

267 754 603 796 XXVIII.Pe1
641 755 753 796 1(10111
791 758 906 809 temp
910 770 958 796 us
990 755 1191 810 Chryses,
1223 769 1350 810 quem
1380 769 1442 797 sa-

155 811 369 853 cerdotem
391 810 597 852 Zminthii
619 811 836 865 Apollinis
861 825 988 866 supra
1009 811 1241 865 docuimus,
1263 811 1437 867 cognito

155 868 288 909 filiam
329 881 449 908 suam
479 869 748 921 Astynomen
787 881 883 909 011111
912 871 1234 922 Agamemnone
1272 867 1438 923 degere,

156 924 290 964 fretus
320 923 528 978 religione
559 923 671 964 tanti
699 923 890 964 numinis
921 923 973 964 ad
1003 938 1132 965 naves
1163 923 1292 977 venit,
1324 938 1444 978 prae-

106 991 138 1017 15
156 979 298 1020 ferens
327 979 394 1019 dei
401 958 567 1020 ‘’vultus
598 993 646 1020 ac
676 979 882 1033 quaedam
914 982 1263 1021 ornamentorum
1292 979 1444 1043 templi

157 1035 266 1089 eius,
306 1049 391 1098 quo
430 1034 598 1076 facilius
643 1035 935 1077 iecordatione
981 1036 1217 1090 praesentis
1255 1036 1446 1077 111111111113

156 1091 376 1133 veneratio
408 1091 473 1132 sui
503 1091 674 1145 regibus
705 1092 977 1133 incuteretur.
1037 1092 1135 1133 dein
1166 1092 1320 1133 oblatis
1351 1093 1444 1133 auri

157 1150 284 1202 atque
331 1147 498 1202 argenti
544 1147 667 1189 donis
712 1147 907 1211 plurimis
953 1148 1290 1202 redemptionem
1333 1147 1446 1189 filiae

158 1203 408 1258 deprecatur
438 1203 683 1257 obsecrans,
715 1204 779 1245 uti
808 1204 1131 1260 magnificarent
1160 1204 1446 1258 praesentiam

105 1271 139 1296 20
159 1259 245 1312 dei,
278 1260 351 1313 qui
381 1273 523 1301 secum
552 1263 720 1301 oratum
751 1275 822 1302 eos
855 1261 908 1302 011
940 1260 1200 1302 sacerdotem
1226 1261 1447 1314 proprium

159 1315 357 1356 venisset.
418 1317 637 1369 praeterea
675 1319 999 1369 commemorat,
1031 1330 1139 1370 quae
1176 1316 1222 1357 in
1261 1315 1349 1357 dies
1379 1316 1448 1357 ad-

159 1385 329 1413 versum
369 1385 413 1412 se
450 1371 503 1413 ab
533 1371 779 1413 Alexandro
820 1372 994 1426 eiusque
1025 1372 1355 1435 consanguineis
1394 1372 1448 1414 ob

161 1426 393 1469 exhibitam
423 1441 500 1481 per
530 1442 573 1469 se
603 1428 731 1482 paulo
770 1431 868 1469 ante
904 1428 1243 1470 immolationem
1273 1428 1447 1470 inimica

160 1483 418 1537 hostiliaque
449 1487 714 1537 pararentur.
775 1499 882 1538 quae
921 1485 994 1526 ubi
1025 1498 1242 1539 accepere,
1273 1484 1449 1526 redden-

107 1550 141 1576 25
160 1539 257 1580 dam
287 1539 419 1580 filiam
451 1540 659 1603 sacergloti
688 1555 827 1604 neque
860 1541 913 1582 ob
944 1541 988 1582 id
1017 1540 1311 1596 accipiendum
1330 1554 1449 1596 prae-

159 1596 293 1637 mium
324 1596 535 1638 universis
563 1596 717 1650 placet,
749 1597 906 1651 quippe
939 1597 1011 1651 qui
1042 1611 1138 1639 cum
1168 1611 1244 1652 per
1274 1611 1317 1638 se
1347 1597 1449 1638 ami—

160 1666 233 1693 cus
271 1651 492 1705 fidelisque
530 1653 654 1693 nobis
702 1656 795 1694 tum
833 1654 1058 1707 praecipue
1105 1653 1159 1695 ob
1197 1653 1449 1708 religionem

160 1707 376 1762 Apollinis
407 1707 517 1748 nihil
538 1722 627 1749 non
647 1709 801 1750 mereri
832 1709 1085 1750 crederetur.
1136 1723 1320 1763 namque
1341 1709 1448 1750 mul-

161 1764 217 1805 tis
249 1764 334 1805 iam
364 1763 630 1805 documentis
668 1778 714 1806 ac
754 1765 868 1806 fama
899 1765 1132 1806 incolarum
1163 1765 1341 1820 obsequi
1371 1780 1448 1807 nu-

110 1830 143 1857 3ο
162 1820 269 1861 1111111
299 1820 388 1861 01113
420 1834 495 1874 per
525 1821 669 1862 omnia
700 1820 1025 1863 destinaverant.

275 1875 431 1917 XXIX.
504 1876 619 1924 Quae
665 1880 891 1931 postquam
929 1879 1229 1932 Agamemnon
1274 1878 1449 1932 accepit,

163 1932 332 1974 obviam
354 1935 604 1974 cunctorum
625 1934 847 1975 sententiis
877 1934 936 1975 ire
960 1934 1111 1989 pergit.
1151 1934 1294 1988 itaque
1316 1935 1449 1976 atroci

162 1988 283 2030 vultu
328 1989 505 2030 exitium
549 1990 757 2031 sacerdoti
795 1990 1097 2043 comminatus,
1136 1991 1182 2031 ni
1219 1990 1446 2043 recederet,

162 2045 437 2099 perterritum
468 2060 611 2087 senem
642 2049 768 2100 atque
800 2049 987 2088 extrema
1019 2049 1280 2088 metuentem
1310 2047 1451 2101 inper-

111 2101 277 2142 8310010
308 2101 483 2156 negotio
516 2102 568 2143 ab
600 2103 786 2143 exercitu
825 2101 1012 2144 dimittit.
1074 2102 1154 2144 hoc
1194 2102 1320 2144 modo
1352 2117 1449 2144 con-

254 2228 273 2258 2
300 2231 447 2268 gentum
483 2227 544 2260 GR
599 2227 813 2269 Gergitham
845 2230 984 2270 scripsit
1014 2228 1193 2261 Mer-cerus
1292 2230 1313 2261 3
1345 2228 1452 2271 depo—

164 2271 313 2312 pulatus
341 2271 406 2305 ΟΒ
505 2275 524 2305 5
557 2272 639 2305 ideo
674 2273 745 2305 GB.
849 2275 889 2306 12
921 2273 1120 2316 appollinis
1151 2273 1212 2306 GB
1304 2275 1347 2306 20
1372 2284 1451 2316 pro-

166 2316 282 2358 priam
310 2316 372 2349 GB
466 2319 508 2350 ‘25
534 2318 764 2351 sacerdotem
791 2318 836 2351 6¹
933 2320 975 2352 ‘28
1002 2329 1137 2351 merere
1166 2318 1226 2352 θ’.
