1621 2550
228 71 308 113 150

246 173 264 205 1
292 176 331 207 13
365 174 410 206 ab
436 174 622 216 Eurypylo
654 175 830 208 occiditur

247 219 297 251 IV
323 221 364 251 17
389 224 597 251 cremantur
623 229 704 251 ossa
720 221 770 253 IV
791 222 830 253 18

224 263 408 306 Penelope
434 264 554 296 Ulixis
585 274 673 296 uxor
697 265 830 306 pudica

223 353 460 386 Penthesilea
470 353 690 385 Amazonum
704 355 831 395 regina

247 398 446 430 auxiliatur
471 399 616 430 Priamo
641 399 696 430 111
723 401 763 431 15
792 401 831 432 16

246 444 295 476 IV
321 445 341 475 2
365 443 579 475 vulneratur
604 444 649 475 ab
675 443 831 483 Achille,

248 489 309 530 qui
336 489 414 520 eius
439 499 558 520 amore
585 488 728 529 capitur
746 489 793 519 IV
813 492 832 519 :2

247 544 268 565 a
299 533 473 565 Diomede
506 533 542 564 in
573 532 832 564 Scamandrum

247 577 405 609 deicitur
429 578 478 609 IV
504 581 523 610 3

225 633 453 674 Pergamum,
480 633 542 664 ubi
561 633 704 664 Priamo
730 633 831 675 regio

247 681 303 710 est
327 678 358 709 V
382 680 402 709 5

225 722 456 755 Perrhaebae
482 724 498 754 I
526 724 564 754 17

224 768 341 810 pestis
366 768 403 799 in
422 768 643 799 Graecorum
670 768 834 799 exercitu

248 813 421 845 saeviens
446 813 461 844 I
489 814 528 844 19
554 812 590 844 1Ι
615 814 655 844 31

222 859 340 898 Petya
381 859 426 889 ab
468 858 581 889 Aiace
624 861 833 899 expugnata

247 903 282 934 ΙΙ
308 904 349 934 ‘27

224 947 416 979 Phaeaces
442 947 491 978 VI
517 949 536 978 5

225 992 353 1023 Phalis
380 991 607 1023 Sidoniorum
633 1002 695 1023 rex
722 993 738 1024 I
766 993 805 1024 18

223 1036 420 1069 Phalliotis
469 1037 570 1077 regio
619 1037 834 1078 Phoenices,

246 1082 309 1114 ubi
340 1081 544 1113 Memnonis
574 1091 659 1114 ossa
691 1082 834 1124 sepulta

248 1130 333 1158 sunt
357 1126 407 1159 VI
435 1128 476 1158 10

224 1172 364 1204 Pherae
389 1172 406 1203 I
434 1173 474 1203 17

224 1227 428 1269 Phidippus
445 1227 615 1260 Thessali
640 1228 748 1268 filius,
776 1239 835 1260 ne-

249 1283 314 1314 pos
339 1272 513 1305 Herculis
538 1273 695 1312 insignis
721 1284 835 1304 armo-

248 1328 326 1349 rum
383 1318 506 1359 specie
538 1317 555 1349 Ι
589 1320 629 1349 14
663 1320 701 1350 17
750 1319 785 1350 ΙΙ
817 1320 836 1349 5

250 1362 397 1404 legatus
423 1363 466 1394 ad
492 1362 693 1404 Telephum
719 1363 792 1395 114

226 1417 401 1451 Philenor
420 1418 556 1450 Priami
582 1418 679 1450 filius
705 1419 837 1451 occidi—

248 1467 306 1495 tur
344 1463 390 1495 ab
434 1465 704 1504 Agamemnone
736 1464 791 1496 ΙΙΙ
817 1467 834 1496 7

249 1509 299 1585 ἵε
326 1508 440 1585 7Aiace
474 1507 580 1541 Oileo
620 1508 836 1541 interficitur

228 1609 439 1642 Philocteta
457 1610 632 1642 Poeantis
652 1610 758 1650 filius,
777 1621 836 1642 co-

248 1665 324 1687 mes
362 1655 534 1687 Herculis
576 1656 733 1696 sagittas
772 1656 836 1697 hy-

249 1701 336 1732 drae
371 1700 550 1739 sanguino
582 1700 741 1732 infectas
779 1711 837 1732 ac—

251 1745 341 1787 cipit
364 1745 382 1777 1
409 1746 449 1776 14
476 1746 516 1776 17
548 1755 667 1777 morsu
694 1755 839 1787 serpen-

250 1791 298 1822 tis
318 1789 552 1831 contingitur,
571 1790 746 1821 Lemnum
760 1790 838 1821 mit-

251 1836 356 1873 titur,
389 1838 430 1866 ut
459 1835 508 1866 ibi
535 1845 556 1866 a
585 1835 837 1867 sacerdotibus

250 1880 407 1913 Vulcani
434 1883 582 1911 sanetur
599 1880 635 1912 II
656 1882 696 1911 14
720 1881 838 1922 portio

251 1925 410 1968 praedae
446 1925 482 1957 ei
510 1925 688 1956 Lemnum
725 1925 838 1956 mitti-

251 1975 310 2003 tur
334 1970 370 2001 11
394 1972 437 2002 33
470 1970 606 2001 Lemno
633 1971 839 2011 regreditur

250 2016 286 2048 11
310 2017 354 2047 47
379 2015 582 2057 sagittandi
609 2019 687 2046 arte
715 2025 838 2047 omnes

253 2061 415 2093 Graecos
469 2063 618 2101 superat
661 2060 712 2092 111
748 2063 762 2091 1
800 2061 839 2092 18

251 2105 496 2137 Alexandrum
522 2105 716 2147 interficit,
750 2105 839 2137 mul-

253 2154 310 2183 tos
335 2151 515 2182 Troianos
541 2151 696 2191 occidit,
731 2161 840 2192 quaro

251 2195 400 2228 virtutis
446 2195 637 2227 maximam
685 2196 839 2237 gloriam

253 2241 489 2282 consequitur
518 2241 568 2272 IV
594 2243 636 2273 20
696 2241 840 2282 legatus

253 2285 297 2318 de
323 2296 413 2328 pace
439 2287 470 2319 V
497 2287 538 2318 10

515 74 667 107 INDEX
692 75 922 109 NOMINUM
946 77 1010 109 ET
1033 77 1214 110 RERUM.

900 178 1059 210 Phineus
1098 179 1277 220 Agenoris
1315 178 1410 211 filius
1440 180 1457 211 1
1487 181 1507 212 9

899 267 1058 299 Phineus
1078 271 1184 309 pater
1201 267 1380 300 Olizonae
1397 268 1448 300 IV
1466 270 1508 300 22

900 312 1032 343 Phocis
1056 312 1073 344 I
1100 314 1139 344 17

900 356 1084 388 Phoenice
1135 360 1232 388 terra
1276 357 1403 399 Syriae
1441 358 1458 390 Ι
1489 359 1509 389 5

926 402 973 432 VI
1000 403 1040 433 10

903 446 1107 477 Phoenices
1140 446 1292 477 Phalam
1325 446 1509 488 lapidibus

926 493 1060 521 necant
1087 490 1134 521 lV
1158 492 1179 522 4
1204 491 1425 523 Phoenicum
1451 491 1509 522 lit—

925 540 1025 566 terae
1047 536 1181 576 Proloy.
1200 537 1216 567 I
1236 537 1276 567 1o
1300 545 1414 567 naves
1428 536 1476 568 VI
1490 538 1510 567 5

924 580 1127 611 Phoenices
1164 591 1228 621 per
1264 581 1379 612 maria
1409 591 1511 622 prae-

925 625 1066 664 dantes,
1100 635 1120 655 a
1147 624 1278 666 quibus
1304 625 1430 658 Ulixes
1454 636 1509 657 re-

924 672 1091 701 servatur
1117 669 1164 702 VI
1189 671 1209 701 5

902 714 1066 746 Phoenix
1126 718 1249 746 custos
1305 717 1341 746 et
1392 717 1511 747 rector

925 759 1075 791 Achillis
1099 760 1116 791 I
1144 761 1184 790 14
1208 760 1243 791 Il
1269 761 1311 791 33
1345 759 1510 800 praefec-

924 808 982 836 tus
996 804 1141 835 navium
1157 804 1329 845 deligitur
1345 805 1361 836 I
1378 806 1417 835 16
1431 807 1513 836 orat

925 848 1120 883 Achillem,
1163 852 1202 880 ut
1238 849 1311 880 iras
1348 849 1513 880 remittat

927 894 961 925 11
986 895 1026 925 51
1055 893 1235 924 Priamum
1262 894 1323 934 qui
1349 893 1393 925 ob
1417 892 1512 925 Hec-

927 938 1016 970 toris
1055 937 1215 969 cadaver
1253 938 1298 969 ad
1334 937 1512 970 Achillem

926 986 1091 1021 venerat,
1117 983 1224 1014 humo
1250 982 1358 1024 erigit
1390 987 1426 1015 et
1456 993 1512 1015 re-

928 1032 1030 1059 creat
1055 1028 1106 1059 III
1132 1029 1175 1058 ‘22
1200 1029 1243 1059 24

903 1073 1066 1105 Phoenix
1093 1072 1323 1105 Sidoniorum
1348 1082 1424 1113 rex,
1449 1082 1511 1114 pa-

927 1121 981 1149 ter
1006 1118 1175 1159 Europae
1200 1117 1217 1149 I
1242 1119 1262 1148 2
1288 1119 1308 1149 5

904 1163 1067 1195 Phoenix
1092 1162 1269 1204 Agenoris
1294 1161 1389 1194 filius
1414 1162 1431 1194 I
1456 1164 1476 1194 9

905 1208 1070 1239 Phorbas
1095 1218 1158 1238 rex
1175 1207 1288 1239 Lesbi
1307 1207 1351 1238 ab
1370 1206 1512 1239 Achille

928 1256 1081 1283 necatur
1106 1252 1141 1283 ΙΙ
1170 1253 1209 1282 16

906 1297 1064 1336 Phorcys
1090 1307 1132 1328 ex
1157 1296 1318 1337 Phrygia
1343 1296 1377 1327 lI
1402 1298 1445 1328 35

906 1341 1067 1383 Phrygia
1092 1341 1129 1373 ΙΙ
1155 1343 1197 1372 35
1221 1342 1261 1372 41
1289 1341 1332 1372 44
1356 1341 1386 1371 V
1410 1342 1431 1372 4

906 1386 1069 1427 Phylaca
1095 1386 1109 1417 Ι
1139 1388 1178 1417 17

906 1431 1066 1473 Phyleus
1092 1434 1196 1472 pater
1221 1430 1380 1470 Megetis
1405 1430 1419 1461 I
1448 1431 1487 1463 13

906 1477 1010 1508 Piros
1036 1486 1079 1507 ex
1103 1475 1258 1507 Thracia
1284 1476 1319 1508 II
1344 1477 1388 1507 35

904 1521 1114 1553 Plisthenes
1162 1520 1288 1552 Acasti
1342 1519 1439 1551 filius
1494 1530 1516 1551 a

928 1565 1163 1608 Neoptolemo
1189 1575 1321 1597 caesus
1346 1565 1395 1597 VI
1420 1565 1441 1597 S

906 1611 1117 1643 Plisthenes
1156 1614 1298 1642 mature
1339 1613 1514 1649 mortuus,

930 1657 1085 1689 coniunx
1102 1656 1282 1697 Aeropae,
1301 1658 1406 1696 pater
1419 1655 1517 1696 Aga-

929 1701 1130 1733 memnonis
1172 1699 1333 1732 Menelai
1381 1699 1516 1731 Anaxi-

930 1747 1032 1786 biae,
1074 1746 1153 1777 eius
1205 1744 1299 1776 lilios
1346 1743 1517 1776 educavit

929 1792 1076 1830 Atreus,
1095 1790 1190 1822 unde
1211 1789 1286 1821 illis
1305 1789 1516 1821 Atridarum

930 1846 1060 1868 nomen
1086 1836 1102 1867 I
1130 1837 1144 1866 l

908 1880 1161 1913 Plisthenidae
1180 1879 1414 1922 appellantur
1437 1889 1518 1911 cum

931 1925 1153 1959 contumelia
1190 1926 1439 1966 Agamemnon
1482 1928 1518 1956 et

931 1971 1122 2003 Menelaus
1149 1970 1178 2001 V
1207 1971 1247 2002 16

910 2016 1116 2048 Podalirius
1163 2014 1374 2056 Aesculapii
1422 2013 1517 2046 filius

932 2061 1142 2093 Triccensis
1168 2060 1317 2091 inclitus
1336 2058 1517 2091 medicina

932 2108 947 2139 Ι
978 2108 1016 2137 14
1038 2108 1075 2137 17
1101 2104 1253 2146 Telephi
1277 2103 1417 2136 vulneri
1443 2114 1517 2135 me-

933 2151 1038 2183 detur
1063 2151 1096 2183 11
1122 2151 1142 2181 6
1171 2151 1210 2181 10
1257 2150 1293 2181 in
1325 2148 1420 2181 ludis
1450 2149 1518 2180 Pa-

933 2197 1048 2228 troclo
1074 2195 1255 2226 institutis
1272 2194 1401 2226 donum
1421 2194 1519 2226 acci-

933 2242 986 2284 pit
1010 2241 1062 2273 111
1091 2242 1130 2271 19

910 2286 1093 2319 Podarces
1128 2284 1258 2328 Iphicli
1295 2283 1392 2317 filius
1432 2283 1518 2316 Pro-
