1621 2550
132 121 219 151 VIII

134 211 326 265 sumpsit,
357 211 417 251 ita
447 210 574 251 etiam
611 210 704 263 ipsa
733 210 862 250 verba
891 224 942 251 ex
972 210 1234 253 diversorum
1254 215 1416 267 tempo-

134 281 228 307 rum
260 266 536 320 scriptoribus
566 267 783 306 mutuat-us
814 268 888 319 est,
920 280 1058 308 sermo
1089 269 1179 309 eius
1209 269 1409 322 impurus,

133 322 279 363 multis
316 321 564 375 posterioris
602 321 827 362 latinitatis
864 321 1089 375 phrasibus
1127 326 1169 365 et
1198 328 1410 366 construc-

134 378 322 419 tionibus
354 377 498 430 quales
529 377 641 430 apud
671 377 902 431 Apuleium
930 377 1223 433 Hegesippum
1253 380 1411 422 Ammi-

133 448 262 474 anum
295 432 530 486 Sulpicium
561 432 764 474 Severum
796 432 995 475 Orosium
1032 435 1221 489 aliosque
1258 435 1411 490 reperi-

132 503 225 530 mus
270 489 428 530 mixtus
473 503 569 530 eum
613 491 740 530 tertio
778 489 846 529 vel
888 493 1038 542 quarto
1077 491 1244 533 saeculo
1286 491 1411 544 scrip·

133 545 234 586 sisse
285 545 511 586 verisimile
561 544 675 586 facit.
743 544 795 585 In
845 545 1095 599 quibusdam
1145 547 1258 588 enim
1307 547 1411 588 anti-

132 601 357 655 quissimos
387 600 678 642 Romanorum
707 604 855 654 poetas
885 601 1089 655 imitatur,
1120 603 1166 643 in
1195 603 1289 644 aliis
1309 602 1411 644 Ver-

131 657 295 711 gilium,
316 657 476 711 passim
500 656 749 698 Ciceronem
765 656 936 698 Livium
957 657 1151 699 Tacitum
1168 658 1411 700 Cornelium

130 712 344 767 Nepotem
374 713 585 767 sequitur,
625 713 808 754 maxime
839 716 980 754 autem
1011 713 1278 756 Sallustium:
1308 713 1411 768 quid

132 769 246 823 quod
274 768 388 810 haud
408 784 504 810 raro
537 770 659 823 quasi
680 769 885 823 quaedam
915 770 1040 811 huius
1060 771 1318 812 imitationes
1348 784 1410 811 re—

130 825 355 879 periuntur
393 828 520 879 atque
550 826 595 866 in
625 826 995 880 Agamemnonem
1025 825 1197 867 Ulixem
1227 826 1331 867 alios
1362 840 1412 867 ea

129 881 446 922 transferuntur
477 896 582 935 quae
613 881 686 922 ille
724 882 773 922 de
812 881 1021 936 Iugurtha
1051 881 1188 923 Mario
1226 881 1412 924 Catilina

130 936 267 978 dixit?
305 937 423 978 Haec
453 938 561 978 mira
590 937 783 978 imitandi
813 938 935 991 ratio,
967 952 1074 992 quae
1104 942 1245 980 utrum
1275 938 1411 992 magis

128 993 261 1034 risum
291 1007 346 1034 an
366 994 553 1034 taedium
574 993 788 1034 interdum
810 998 979 1035 moveat
1009 993 1180 1036 difficile
1212 997 1276 1035 est
1305 993 1410 1034 diiu—

130 1048 290 1103 dicatu,
330 1048 548 1090 hominem
587 1049 754 1091 videtur
789 1050 966 1103 prodere
1009 1051 1082 1104 qui
1112 1065 1214 1092 sano
1253 1049 1410 1092 iudicio

129 1109 262 1158 caret,
301 1105 385 1146 nisi
422 1105 533 1146 forte
564 1108 796 1147 statuemus
835 1109 1009 1147 ornatus
1049 1121 1174 1147 causa
1213 1121 1263 1147 ex
1302 1106 1410 1147 anti-

128 1161 222 1215 quis
262 1161 560 1215 scriptoribus,
598 1177 682 1216 quo
722 1162 888 1202 nullum
936 1165 1234 1204 ornamentum
1273 1163 1411 1203 maius

128 1219 170 1258 et
199 1217 362 1272 gratius
401 1218 633 1272 excogitari
671 1218 833 1272 potuit,
868 1218 994 1259 modo
1025 1219 1125 1260 hinc
1155 1219 1280 1260 modo
1312 1218 1410 1259 inde

128 1287 236 1327 quae
266 1274 448 1314 maxime
479 1277 655 1328 possent
685 1274 868 1315 blandiri
899 1273 1097 1328 decerpta
1131 1289 1232 1316 esse.
1294 1274 1410 1322 Quae

125 1344 180 1370 ne
210 1333 368 1370 temere
400 1329 553 1371 dixisse
576 1330 720 1371 videar
750 1345 833 1384 qua
854 1331 1018 1371 ratione
1040 1329 1289 1371 Sallustium
1318 1331 1411 1371 imi-

124 1388 239 1426 tatus
270 1386 325 1426 sit
354 1386 500 1427 multis
521 1387 741 1440 utriusque
772 1386 990 1440 scriptoris
1011 1386 1176 1427 collatis
1208 1386 1411 1440 exemplis

127 1441 441 1483 demonstrabo.
492 1458 533 1496 p.
564 1443 603 1496 4,
637 1444 658 1483 ’ἶ
690 1442 867 1496 largiter
896 1443 1206 1497 magnificeque
1237 1457 1308 1484 eos
1338 1442 1411 1484 ha-

125 1498 277 1538 buere:
311 1497 435 1539 Catil.
472 1500 535 1551 11,
557 1500 584 1540 5
614 1499 829 1539 luxuriose
850 1499 1062 1552 nimisque
1083 1498 1316 1540 liberaliter
1336 1498 1410 1540 ha-

125 1553 275 1594 buerat
294 1580 350 1583 —
371 1569 410 1607 p.
445 1555 481 1606 7,
516 1555 567 1596 13
589 1555 698 1596 nihil
727 1555 849 1609 pensi
880 1557 953 1595 aut
974 1555 1157 1596 consulti
1178 1555 1410 1609 patientes:

126 1608 216 1651 Cat.
252 1610 322 1663 12,
363 1610 389 1650 2
426 1610 535 1651 nihil
572 1611 692 1664 pensi
732 1625 868 1665 neque
906 1611 1114 1652 moderati
1152 1611 1306 1652 habere
1337 1610 1409 1663 (cf.

122 1665 215 1720 lug.
247 1666 315 1718 41,
348 1667 391 1719 9)
422 1691 478 1695 —
507 1681 547 1720 p.
582 1668 626 1718 7,
669 1667 720 1707 14
759 1667 990 1707 transversi
1028 1667 1285 1721 agebantur:
1315 1666 1409 1721 Iug.

125 1721 163 1775 6,
195 1722 220 1763 3
250 1725 517 1762 transversos
549 1723 638 1777 agit
669 1722 740 1777 (cf.
772 1737 812 1776 p.
850 1723 911 1776 14,
942 1722 1016 1777 20)
1044 1747 1088 1752 ——
1122 1737 1162 1776 p.
1197 1723 1232 1772 7,
1263 1721 1318 1764 28
1348 1723 1412 1764 ita

122 1778 308 1831 populus
353 1779 617 1832 contemptui
655 1778 826 1819 habitus
870 1778 1042 1820 domum
1080 1778 1276 1820 discedit:
1315 1778 1408 1833 Iug.

124 1834 198 1886 34,
229 1834 255 1874 2
286 1834 346 1875 ita
375 1834 559 1888 populus
590 1834 773 1876 ludibrio
804 1834 974 1876 habitus
1010 1849 1061 1876 ex
1092 1835 1297 1876 concione
1328 1834 1409 1876 dis-

124 1890 235 1931 cedit
254 1914 310 1919 —
329 1905 370 1944 p.
403 1890 440 1943 8,
472 1890 527 1931 3⁴]
557 1891 616 1932 ita
646 1890 697 1932 ad
728 1894 990 1944 postremum
1011 1892 1170 1932 bonum
1192 1891 1409 1945 publicum

122 1949 314 1987 materna
345 1947 481 2001 gratia
510 1950 756 2001 corruptum
779 1950 860 1989 est:
892 1947 983 2002 Iug.
1014 1947 1080 2000 25,
1111 1948 1137 1989 3
1168 1947 1228 1989 ita
1247 1948 1409 1989 bonum

121 2002 340 2056 publicum
370 2003 537 2057 privata
567 2004 705 2059 gratia
745 2003 957 2045 devictum
986 2029 1042 2033 -
1070 2019 1110 2058 p.
1147 2003 1216 2056 10,
1247 2003 1299 2045 27
1338 2003 1409 2044 hie

123 2058 353 2114 (Achilles)
364 2060 408 2100 in
419 2060 567 2113 primis
579 2060 888 2101 adulescentiae
899 2060 1021 2101 annis
1030 2074 1244 2114 procerus,
1258 2059 1410 2101 decora

123 2114 253 2168 facie,
294 2115 433 2156 studio
464 2130 605 2157 rerum
637 2116 883 2158 bellicarum
914 2131 1060 2158 omnes
1090 2117 1175 2157 iam
1205 2120 1295 2157 tum
1326 2115 1406 2156 vir-

124 2173 213 2211 tute
246 2173 372 2225 atque
404 2172 539 2226 gloria
573 2173 800 2226 superabat
837 2187 974 2227 neque
1005 2176 1148 2214 tamen
1179 2173 1325 2214 aberat
1354 2171 1408 2213 ab

124 2241 172 2267 eo
205 2227 269 2268 vis
301 2229 507 2281 quaedam
539 2229 780 2270 inconsulta
820 2232 861 2270 et
892 2229 1019 2270 effera
1057 2243 1223 2271 morum
1254 2228 1408 2283 inpati-

123 2283 258 2324 entia:
289 2283 380 2338 Iug.
415 2285 452 2338 6,
489 2287 507 2325 1
533 2285 605 2339 qui
637 2285 882 2340 (Iugurtha)
914 2286 986 2326 ubi
1017 2285 1201 2339 primum
1222 2284 1410 2327 adolevit

1575 275 1583 438 l

1577 459 1585 604 i
