1621 2550
443 67 591 101 BELLI
614 67 816 101 TROIANI
839 67 934 100 LIB.
960 68 1021 103 v1.
1295 69 1374 111 113

94 171 226 223 verat,
248 168 473 210 adversum
492 165 757 221 Telegonum
787 165 1006 207 iaculatur.
1057 166 1130 207 sed
1150 170 1375 222 postquam

94 224 339 266 huiusmodi
388 223 519 264 ictum
565 221 730 263 iuvenis
775 235 873 263 casu
915 221 1099 275 quodam
1146 223 1374 277 intercipit,

51 283 55 286 ’
95 280 187 335 ipse
216 280 264 321 in
293 283 515 334 parentem
545 277 714 332 insigne
745 277 931 319 iaculum
952 277 1109 319 emittit
1139 277 1376 320 infelicissi-

94 343 213 378 mum
243 349 386 377 casum
416 333 583 374 vulneri
621 332 947 387 contemplatus.
1015 335 1059 374 at
1096 333 1169 374 ubi
1209 333 1295 375 ictu
1327 348 1375 376 eo

95 390 244 434 Ulixes
275 389 480 442 concidit,
523 389 729 444 gratulari
769 402 866 430 cum
895 387 1069 429 fortuna
1099 389 1376 444 confiterique
1396 402 1411 428 5

97 446 258 502 optime
288 459 431 488 secum
460 447 613 498 actum,
645 445 759 499 quod
789 458 865 498 per
885 445 972 486 vim
995 444 1158 485 externi
1189 445 1377 486 hominis

95 503 377 556 interemptus
416 500 632 555 parricidii
678 500 834 542 scelere
872 499 1173 541 Telemachum
1217 501 1378 542 carissi—

96 572 214 600 mum
244 558 326 599 sibi
356 557 633 598 liberavisset.
694 556 790 598 dein
828 555 1040 610 reliquum
1075 555 1212 597 adhuc
1242 559 1378 598 reten-

96 616 194 656 tans
239 613 435 668 spiritum
479 613 678 654 iuvenem
723 612 965 666 percontari
1003 611 1198 666 quisnam
1244 614 1287 653 et
1329 626 1378 654 ex

128 683 183 712 uo
224 672 341 711 ortus
380 669 475 710 loco
514 682 557 709 se
595 667 711 709 domi
747 667 944 721 belloque
984 667 1178 709 inclitum
1210 667 1379 709 Ulixem
1399 680 1429 704 10

97 684 275 766 {aertae
312 723 448 765 filium
492 723 729 764 interficere
767 737 894 764 ausus
931 725 1064 764 esset.'
1121 725 1223 765 tunc
1263 723 1380 765 Tele-

99 793 238 836 gonus
259 780 434 835 cognito
455 781 676 833 parentem
708 792 797 820 esse
819 781 998 833 utraque
1019 792 1147 820 manu
1169 778 1380 820 dilanians

29 839 34 842 ’
98 838 227 890 caput
264 836 410 878 fletum
454 834 541 876 edit
586 849 713 889 quam
759 834 1043 876 miserabilem
1081 834 1262 876 maxime
1301 835 1382 876 dis-

26 933 35 944 ,
97 891 310 934 'cruciatus
350 891 404 933 ob
444 890 621 932 inlatam
658 904 733 944 per
778 904 821 931 se
860 891 972 944 patri
1011 903 1170 931 necem.
1237 890 1381 944 itaque

99 947 231 1001 Ulixi,
262 947 326 989 uti
349 947 555 1000 voluerat,
587 961 744 988 nomen
766 961 890 988 suum
920 949 1047 1000 atque
1077 946 1237 999 matris,
1268 947 1382 988 insu-
1401 957 1432 982 15

99 1003 204 1055 lam,
242 1003 288 1044 in
329 1017 412 1057 qua
451 1005 568 1044 ortus
607 1005 697 1044 erat
742 1005 784 1043 et
822 1001 874 1043 ad
912 1004 1174 1056 postremum
1213 1002 1381 1057 insigne

101 1059 228 1100 iaculi
250 1058 448 1100 ostendit.
500 1058 560 1099 ita
580 1057 726 1100 Ulixes
748 1057 822 1099 ubi
843 1058 930 1099 vim
960 1058 1253 1112 ingruentium
1275 1072 1383 1099 som-

99 1115 271 1156 niorum
296 1114 644 1168 praedictumque
665 1115 718 1155 ab
748 1114 1051 1168 interpretibus
1081 1114 1192 1155 vitae
1223 1113 1383 1154 exitum

101 1170 244 1212 animo
275 1169 520 1212 recordatus
558 1172 641 1222 est,
681 1169 927 1211 vulneratus
959 1170 1011 1210 ab
1043 1183 1113 1222 eo,
1153 1183 1279 1223 quem
1308 1169 1383 1210 nii-

101 1227 216 1268 nime
253 1225 506 1279 crediderat,
551 1225 692 1267 triduo
738 1228 836 1279 post
871 1228 1053 1267 mortem
1091 1225 1197 1267 obiit
1243 1226 1385 1266 senior
1402 1235 1436 1261 20

102 1282 187 1323 iam
207 1284 432 1336 provectae
462 1282 611 1323 aetatis
642 1295 780 1336 neque
810 1283 953 1322 tamen
984 1281 1194 1322 invalidus
1216 1281 1383 1322 virium.

193 1429 232 1461 11
258 1428 376 1462 laetae
405 1429 433 1462 G
478 1427 551 1462 lete
577 1429 610 1461 B
641 1439 731 1463 corr.
758 1428 790 1460 P
879 1429 919 1460 21
947 1433 1215 1470 prouectaeque
1246 1427 1317 1459 VP.

179 2327 302 2354 Dima.
491 2334 494 2337 ·
1176 2338 1198 2370 8
