<?xml version="1.0" encoding="UTF-8"?>
<!DOCTYPE html PUBLIC "-//W3C//DTD XHTML 1.0 Transitional//EN"
    "http://www.w3.org/TR/xhtml1/DTD/xhtml1-transitional.dtd">
<html xmlns="http://www.w3.org/1999/xhtml" xml:lang="en" lang="en">
 <head>
  <title>
</title>
<meta http-equiv="Content-Type" content="text/html;charset=utf-8" />
  <meta name='ocr-system' content='tesseract 3.04.00' />
  <meta name='ocr-capabilities' content='ocr_page ocr_carea ocr_par ocr_line ocrx_word'/>
</head>
<body>
  <div class='ocr_page' id='page_1' title='image "./ephemeridosbelli00dictuoft_0055.png"; bbox 0 0 1621 2550; ppageno 0'>
   <div class='ocr_carea' id='block_1_1' title="bbox 490 100 1418 148">
    <p class='ocr_par' dir='ltr' id='par_1_1' title="bbox 490 100 1418 148">
     <span class='ocr_line' id='line_1_1' title="bbox 490 100 1418 148; baseline 0.01 -15"><span class='ocrx_word' id='word_1_1' title='bbox 490 100 638 134; x_wconf 88' lang='lat' dir='ltr'><strong>BELLI</strong></span> <span class='ocrx_word' id='word_1_2' title='bbox 662 101 867 134; x_wconf 67' lang='lat' dir='ltr'>TROMNI</span> <span class='ocrx_word' id='word_1_3' title='bbox 893 101 986 134; x_wconf 84' lang='lat' dir='ltr'>LIB.</span> <span class='ocrx_word' id='word_1_4' title='bbox 1012 104 1060 137; x_wconf 83' lang='lat'>11.</span> <span class='ocrx_word' id='word_1_5' title='bbox 1364 107 1418 148; x_wconf 83' lang='lat'>35</span> 
     </span>
    </p>
   </div>
   <div class='ocr_carea' id='block_1_2' title="bbox 100 199 1468 2050">
    <p class='ocr_par' dir='ltr' id='par_1_2' title="bbox 100 199 1468 2050">
     <span class='ocr_line' id='line_1_2' title="bbox 132 199 1417 255; baseline 0.005 -13"><span class='ocrx_word' id='word_1_6' title='bbox 132 214 232 255; x_wconf 86' lang='lat' dir='ltr'>pam</span> <span class='ocrx_word' id='word_1_7' title='bbox 262 200 432 255; x_wconf 89' lang='lat' dir='ltr'>quidem</span> <span class='ocrx_word' id='word_1_8' title='bbox 462 215 487 241; x_wconf 91' lang='lat' dir='ltr'>a</span> <span class='ocrx_word' id='word_1_9' title='bbox 517 199 687 252; x_wconf 85' lang='lat' dir='ltr'>Sidona,</span> <span class='ocrx_word' id='word_1_10' title='bbox 719 199 997 253; x_wconf 82' lang='lat' dir='ltr'>Ganymeden</span> <span class='ocrx_word' id='word_1_11' title='bbox 1034 215 1083 241; x_wconf 77' lang='lat' dir='ltr'>ex</span> <span class='ocrx_word' id='word_1_12' title='bbox 1115 202 1229 244; x_wconf 86' lang='lat' dir='ltr'>hisce</span> <span class='ocrx_word' id='word_1_13' title='bbox 1262 206 1417 248; x_wconf 86' lang='lat' dir='ltr'>finibus</span> 
     </span>
     <span class='ocr_line' id='line_1_3' title="bbox 134 255 1417 311; baseline 0.004 -13"><span class='ocrx_word' id='word_1_14' title='bbox 134 259 261 311; x_wconf 84' lang='lat' dir='ltr'>atque</span> <span class='ocrx_word' id='word_1_15' title='bbox 290 256 469 310; x_wconf 90' lang='lat' dir='ltr'>imperio</span> <span class='ocrx_word' id='word_1_16' title='bbox 501 269 648 310; x_wconf 89' lang='lat' dir='ltr'>rapere</span> <span class='ocrx_word' id='word_1_17' title='bbox 678 255 876 297; x_wconf 75' lang='lat' dir='ltr'>licuerit?</span> <span class='ocrx_word' id='word_1_18' title='bbox 915 255 1017 309; x_wconf 90' lang='lat' dir='ltr'>quid</span> <span class='ocrx_word' id='word_1_19' title='bbox 1044 255 1268 300; x_wconf 76' lang='lat' dir='ltr'>Medeam?</span> <span class='ocrx_word' id='word_1_20' title='bbox 1299 264 1310 300; x_wconf 94' lang='lat' dir='ltr'>i</span> <span class='ocrx_word' id='word_1_21' title='bbox 1344 276 1417 303; x_wconf 90' lang='lat' dir='ltr'>no-</span> 
     </span>
     <span class='ocr_line' id='line_1_4' title="bbox 132 311 1419 358; baseline 0.003 -4"><span class='ocrx_word' id='word_1_22' title='bbox 132 312 290 354; x_wconf 83' lang='lat' dir='ltr'>ratisne</span> <span class='ocrx_word' id='word_1_23' title='bbox 320 326 345 353; x_wconf 85' lang='lat' dir='ltr'>a</span> <span class='ocrx_word' id='word_1_24' title='bbox 375 311 544 354; x_wconf 83' lang='lat' dir='ltr'>Colchis</span> <span class='ocrx_word' id='word_1_25' title='bbox 574 312 620 353; x_wconf 90' lang='lat' dir='ltr'>in</span> <span class='ocrx_word' id='word_1_26' title='bbox 649 311 862 353; x_wconf 90' lang='lat' dir='ltr'>Iolcorum</span> <span class='ocrx_word' id='word_1_27' title='bbox 892 311 999 353; x_wconf 90' lang='lat' dir='ltr'>fines</span> <span class='ocrx_word' id='word_1_28' title='bbox 1029 315 1336 356; x_wconf 77' lang='lat' dir='ltr'>transvectam.</span> <span class='ocrx_word' id='word_1_29' title='bbox 1377 321 1419 358; x_wconf 91' lang='lat' dir='ltr'>et</span> 
     </span>
     <span class='ocr_line' id='line_1_5' title="bbox 131 367 1415 431; baseline 0.003 -21"><span class='ocrx_word' id='word_1_30' title='bbox 131 382 186 410; x_wconf 89' lang='lat' dir='ltr'>ne</span> <span class='ocrx_word' id='word_1_31' title='bbox 214 368 400 422; x_wconf 89' lang='lat' dir='ltr'>primum</span> <span class='ocrx_word' id='word_1_32' title='bbox 430 367 535 409; x_wconf 91' lang='lat' dir='ltr'>illud</span> <span class='ocrx_word' id='word_1_33' title='bbox 564 367 757 431; x_wconf 81' lang='lat' dir='ltr'>rapiendi</span> <span class='ocrx_word' id='word_1_34' title='bbox 788 367 958 408; x_wconf 86' lang='lat' dir='ltr'>initium</span> <span class='ocrx_word' id='word_1_35' title='bbox 988 371 1336 425; x_wconf 74' lang='lat' dir='ltr'>praetermittam,</span> <span class='ocrx_word' id='word_1_36' title='bbox 1368 372 1415 414; x_wconf 92' lang='lat' dir='ltr'>Io</span> 
     </span>
     <span class='ocr_line' id='line_1_6' title="bbox 132 423 1450 486; baseline 0.002 -20"><span class='ocrx_word' id='word_1_37' title='bbox 132 438 183 466; x_wconf 88' lang='lat' dir='ltr'>ex</span> <span class='ocrx_word' id='word_1_38' title='bbox 213 423 484 466; x_wconf 85' lang='lat' dir='ltr'>Sidoniorum</span> <span class='ocrx_word' id='word_1_39' title='bbox 521 424 696 479; x_wconf 83' lang='lat' dir='ltr'>regione</span> <span class='ocrx_word' id='word_1_40' title='bbox 733 423 913 465; x_wconf 83' lang='lat' dir='ltr'>abducta</span> <span class='ocrx_word' id='word_1_41' title='bbox 937 424 1079 486; x_wconf 80' lang='lat' dir='ltr'>Argos</span> <span class='ocrx_word' id='word_1_42' title='bbox 1107 427 1277 468; x_wconf 79' lang='lat' dir='ltr'>meavit.</span> <span class='ocrx_word' id='word_1_43' title='bbox 1318 427 1417 469; x_wconf 88' lang='lat' dir='ltr'>hac-</span> <span class='ocrx_word' id='word_1_44' title='bbox 1433 439 1450 465; x_wconf 85' lang='lat'>⁵</span> 
     </span>
     <span class='ocr_line' id='line_1_7' title="bbox 129 456 1418 525; baseline 0.002 -3"><span class='ocrx_word' id='word_1_45' title='bbox 129 483 258 522; x_wconf 86' lang='lat' dir='ltr'>tenus</span> <span class='ocrx_word' id='word_1_46' title='bbox 279 479 499 522; x_wconf 86' lang='lat' dir='ltr'>vobiscum</span> <span class='ocrx_word' id='word_1_47' title='bbox 520 480 659 521; x_wconf 88' lang='lat' dir='ltr'>verbis</span> <span class='ocrx_word' id='word_1_48' title='bbox 681 477 840 521; x_wconf 89' lang='lat' dir='ltr'>actum:</span> <span class='ocrx_word' id='word_1_49' title='bbox 872 482 917 521; x_wconf 87' lang='lat' dir='ltr'>at</span> <span class='ocrx_word' id='word_1_50' title='bbox 937 456 1027 520; x_wconf 87' lang='grc'><strong>11131</strong></span> <span class='ocrx_word' id='word_1_51' title='bbox 1048 494 1142 522; x_wconf 86' lang='lat' dir='ltr'>mox</span> <span class='ocrx_word' id='word_1_52' title='bbox 1174 496 1269 523; x_wconf 87' lang='lat' dir='ltr'>cum</span> <span class='ocrx_word' id='word_1_53' title='bbox 1300 484 1418 525; x_wconf 91' lang='lat' dir='ltr'>omni</span> 
     </span>
     <span class='ocr_line' id='line_1_8' title="bbox 131 535 1418 599; baseline 0.002 -21"><span class='ocrx_word' id='word_1_54' title='bbox 131 535 262 578; x_wconf 79' lang='lat' dir='ltr'>classe</span> <span class='ocrx_word' id='word_1_55' title='bbox 292 550 343 577; x_wconf 88' lang='lat' dir='ltr'>ex</span> <span class='ocrx_word' id='word_1_56' title='bbox 372 536 488 577; x_wconf 89' lang='lat' dir='ltr'>hisce</span> <span class='ocrx_word' id='word_1_57' title='bbox 519 536 622 578; x_wconf 92' lang='lat' dir='ltr'>locis</span> <span class='ocrx_word' id='word_1_58' title='bbox 653 535 925 591; x_wconf 85' lang='lat' dir='ltr'>aufugeritis,</span> <span class='ocrx_word' id='word_1_59' title='bbox 957 536 1042 577; x_wconf 86' lang='lat' dir='ltr'>iam</span> <span class='ocrx_word' id='word_1_60' title='bbox 1073 537 1242 599; x_wconf 88' lang='lat' dir='ltr'>iamque</span> <span class='ocrx_word' id='word_1_61' title='bbox 1273 538 1418 581; x_wconf 90' lang='lat' dir='ltr'>Troia-</span> 
     </span>
     <span class='ocr_line' id='line_1_9' title="bbox 129 591 1416 655; baseline 0.002 -21"><span class='ocrx_word' id='word_1_62' title='bbox 129 606 230 634; x_wconf 85' lang='lat' dir='ltr'>nam</span> <span class='ocrx_word' id='word_1_63' title='bbox 269 592 470 634; x_wconf 86' lang='lat' dir='ltr'>virtutem</span> <span class='ocrx_word' id='word_1_64' title='bbox 508 592 803 646; x_wconf 85' lang='lat' dir='ltr'>experiemini:</span> <span class='ocrx_word' id='word_1_65' title='bbox 853 591 967 633; x_wconf 86' lang='grc'><strong>(101111</strong></span> <span class='ocrx_word' id='word_1_66' title='bbox 1015 606 1172 655; x_wconf 78' lang='lat' dir='ltr'>quippe</span> <span class='ocrx_word' id='word_1_67' title='bbox 1218 594 1416 637; x_wconf 84' lang='lat' dir='ltr'>iuventus</span> 
     </span>
     <span class='ocr_line' id='line_1_10' title="bbox 129 647 1417 703; baseline 0.002 -13"><span class='ocrx_word' id='word_1_68' title='bbox 129 648 267 703; x_wconf 83' lang='lat' dir='ltr'>perita</span> <span class='ocrx_word' id='word_1_69' title='bbox 296 648 397 689; x_wconf 91' lang='lat' dir='ltr'>belli</span> <span class='ocrx_word' id='word_1_70' title='bbox 427 647 594 689; x_wconf 88' lang='lat' dir='ltr'>abunde</span> <span class='ocrx_word' id='word_1_71' title='bbox 624 648 748 690; x_wconf 89' lang='lat' dir='ltr'>nobis</span> <span class='ocrx_word' id='word_1_72' title='bbox 779 651 854 701; x_wconf 85' lang='lat' dir='ltr'>est,</span> <span class='ocrx_word' id='word_1_73' title='bbox 885 650 1012 702; x_wconf 88' lang='lat' dir='ltr'>atque</span> <span class='ocrx_word' id='word_1_74' title='bbox 1043 648 1087 689; x_wconf 91' lang='lat' dir='ltr'>in</span> <span class='ocrx_word' id='word_1_75' title='bbox 1119 648 1207 690; x_wconf 89' lang='lat' dir='ltr'>dies</span> <span class='ocrx_word' id='word_1_76' title='bbox 1238 651 1417 692; x_wconf 87' lang='lat' dir='ltr'>auxilio-</span> 
     </span>
     <span class='ocr_line' id='line_1_11' title="bbox 129 704 1468 759; baseline 0.002 -14"><span class='ocrx_word' id='word_1_77' title='bbox 129 718 223 745; x_wconf 90' lang='lat' dir='ltr'>rum</span> <span class='ocrx_word' id='word_1_78' title='bbox 243 704 393 746; x_wconf 90' lang='lat' dir='ltr'>crescit</span> <span class='ocrx_word' id='word_1_79' title='bbox 412 705 655 745; x_wconf 80' lang='lat' dir='ltr'>numerus“</span> <span class='ocrx_word' id='word_1_80' title='bbox 691 707 917 758; x_wconf 82' lang='lat' dir='ltr'>postquam</span> <span class='ocrx_word' id='word_1_81' title='bbox 933 706 1062 745; x_wconf 89' lang='lat' dir='ltr'>finem</span> <span class='ocrx_word' id='word_1_82' title='bbox 1079 705 1280 759; x_wconf 89' lang='lat' dir='ltr'>loquendi</span> <span class='ocrx_word' id='word_1_83' title='bbox 1302 706 1414 759; x_wconf 87' lang='lat' dir='ltr'>fecit,</span> <span class='ocrx_word' id='word_1_84' title='bbox 1437 721 1468 745; x_wconf 87' lang='lat'>10</span> 
     </span>
     <span class='ocr_line' id='line_1_12' title="bbox 129 758 1416 823; baseline 0.002 -22"><span class='ocrx_word' id='word_1_85' title='bbox 129 758 277 801; x_wconf 83' lang='lat' dir='ltr'>Ulixes</span> <span class='ocrx_word' id='word_1_86' title='bbox 296 759 462 823; x_wconf 78' lang='lat' dir='ltr'>placida</span> <span class='ocrx_word' id='word_1_87' title='bbox 483 760 676 801; x_wconf 84' lang='lat' dir='ltr'>oratione</span> <span class='ocrx_word' id='word_1_88' title='bbox 698 762 769 813; x_wconf 89' lang='lat' dir='ltr'>„et</span> <span class='ocrx_word' id='word_1_89' title='bbox 789 759 982 801; x_wconf 88' lang='lat' dir='ltr'>hercules</span> <span class='ocrx_word' id='word_1_90' title='bbox 1004 759 1211 802; x_wconf 84' lang='lat' dir='ltr'>ulterius“</span> <span class='ocrx_word' id='word_1_91' title='bbox 1231 763 1291 803; x_wconf 90' lang='lat' dir='ltr'>ait</span> <span class='ocrx_word' id='word_1_92' title='bbox 1311 762 1416 816; x_wconf 81' lang='lat' dir='ltr'>„dif-</span> 
     </span>
     <span class='ocr_line' id='line_1_13' title="bbox 130 815 1417 881; baseline 0.002 -24"><span class='ocrx_word' id='word_1_93' title='bbox 130 815 233 857; x_wconf 86' lang='lat' dir='ltr'>ferri</span> <span class='ocrx_word' id='word_1_94' title='bbox 262 815 508 857; x_wconf 68' lang='lat' dir='ltr'>inimicitias</span> <span class='ocrx_word' id='word_1_95' title='bbox 529 815 644 857; x_wconf 84' lang='lat' dir='ltr'>haud</span> <span class='ocrx_word' id='word_1_96' title='bbox 673 816 887 879; x_wconf 79' lang='lat' dir='ltr'>integrum</span> <span class='ocrx_word' id='word_1_97' title='bbox 909 815 1029 857; x_wconf 82' lang='lat' dir='ltr'>vobis</span> <span class='ocrx_word' id='word_1_98' title='bbox 1051 819 1136 857; x_wconf 89' lang='lat' dir='ltr'>est:</span> <span class='ocrx_word' id='word_1_99' title='bbox 1168 817 1263 859; x_wconf 89' lang='lat' dir='ltr'>date</span> <span class='ocrx_word' id='word_1_100' title='bbox 1284 819 1417 881; x_wconf 77' lang='lat' dir='ltr'>igitur</span> 
     </span>
     <span class='ocr_line' id='line_1_14' title="bbox 100 871 1417 927; baseline 0.002 -14"><span class='ocrx_word' id='word_1_101' title='bbox 100 871 231 913; x_wconf 89' lang='lat' dir='ltr'>-belli</span> <span class='ocrx_word' id='word_1_102' title='bbox 259 871 430 927; x_wconf 87' lang='lat' dir='ltr'>signum</span> <span class='ocrx_word' id='word_1_103' title='bbox 468 875 596 926; x_wconf 88' lang='lat' dir='ltr'>atque</span> <span class='ocrx_word' id='word_1_104' title='bbox 633 875 682 913; x_wconf 93' lang='lat' dir='ltr'>ut</span> <span class='ocrx_word' id='word_1_105' title='bbox 718 887 764 913; x_wconf 89' lang='grc'>111</span> <span class='ocrx_word' id='word_1_106' title='bbox 794 871 1026 913; x_wconf 85' lang='lat' dir='ltr'>inferendis</span> <span class='ocrx_word' id='word_1_107' title='bbox 1056 872 1244 927; x_wconf 89' lang='lat' dir='ltr'>iniuriis,</span> <span class='ocrx_word' id='word_1_108' title='bbox 1284 874 1345 915; x_wconf 90' lang='lat' dir='ltr'>ita</span> <span class='ocrx_word' id='word_1_109' title='bbox 1375 880 1417 916; x_wconf 91' lang='lat' dir='ltr'>et</span> 
     </span>
     <span class='ocr_line' id='line_1_15' title="bbox 126 927 1415 984; baseline 0.002 -15"><span class='ocrx_word' id='word_1_110' title='bbox 126 927 173 969; x_wconf 88' lang='lat' dir='ltr'>in</span> <span class='ocrx_word' id='word_1_111' title='bbox 212 927 453 969; x_wconf 91' lang='lat' dir='ltr'>inchoando</span> <span class='ocrx_word' id='word_1_112' title='bbox 493 928 655 983; x_wconf 89' lang='lat' dir='ltr'>proelio</span> <span class='ocrx_word' id='word_1_113' title='bbox 700 928 773 970; x_wconf 89' lang='lat' dir='ltr'>fite</span> <span class='ocrx_word' id='word_1_114' title='bbox 814 930 1026 969; x_wconf 84' lang='lat' dir='ltr'>auctores</span> <span class='ocrx_word' id='word_1_115' title='bbox 1066 942 1145 970; x_wconf 89' lang='lat' dir='ltr'>nos</span> <span class='ocrx_word' id='word_1_116' title='bbox 1190 944 1415 984; x_wconf 90' lang='lat' dir='ltr'>sequemur</span> 
     </span>
     <span class='ocr_line' id='line_1_16' title="bbox 126 983 1464 1042; baseline 0.002 -17"><span class='ocrx_word' id='word_1_117' title='bbox 126 983 349 1025; x_wconf 85' lang='lat' dir='ltr'>lacessiti“.</span> <span class='ocrx_word' id='word_1_118' title='bbox 406 984 562 1026; x_wconf 79' lang='lat' dir='ltr'>talibus</span> <span class='ocrx_word' id='word_1_119' title='bbox 592 984 775 1026; x_wconf 87' lang='lat' dir='ltr'>invicem</span> <span class='ocrx_word' id='word_1_120' title='bbox 810 984 1074 1038; x_wconf 84' lang='lat' dir='ltr'>consumptis</span> <span class='ocrx_word' id='word_1_121' title='bbox 1107 985 1245 1026; x_wconf 90' lang='lat' dir='ltr'>verbis</span> <span class='ocrx_word' id='word_1_122' title='bbox 1283 987 1412 1042; x_wconf 87' lang='lat' dir='ltr'>legati</span> <span class='ocrx_word' id='word_1_123' title='bbox 1434 999 1464 1024; x_wconf 86' lang='lat'>15</span> 
     </span>
     <span class='ocr_line' id='line_1_17' title="bbox 127 1039 1413 1094; baseline 0.002 -13"><span class='ocrx_word' id='word_1_124' title='bbox 127 1039 306 1082; x_wconf 89' lang='lat' dir='ltr'>consilio</span> <span class='ocrx_word' id='word_1_125' title='bbox 337 1040 507 1084; x_wconf 89' lang='lat' dir='ltr'>abeunt</span> <span class='ocrx_word' id='word_1_126' title='bbox 569 1054 616 1082; x_wconf 89' lang='lat' dir='ltr'>ac</span> <span class='ocrx_word' id='word_1_127' title='bbox 655 1054 755 1082; x_wconf 90' lang='lat' dir='ltr'>mox</span> <span class='ocrx_word' id='word_1_128' title='bbox 783 1054 860 1094; x_wconf 92' lang='lat' dir='ltr'>per</span> <span class='ocrx_word' id='word_1_129' title='bbox 889 1040 1097 1094; x_wconf 91' lang='lat' dir='ltr'>populum</span> <span class='ocrx_word' id='word_1_130' title='bbox 1129 1040 1413 1084; x_wconf 84' lang='lat' dir='ltr'>disseminatis</span> 
     </span>
     <span class='ocr_line' id='line_1_18' title="bbox 126 1095 1414 1152; baseline 0.002 -15"><span class='ocrx_word' id='word_1_131' title='bbox 126 1110 234 1150; x_wconf 87' lang='lat' dir='ltr'>quae</span> <span class='ocrx_word' id='word_1_132' title='bbox 263 1095 487 1137; x_wconf 85' lang='lat' dir='ltr'>adversum</span> <span class='ocrx_word' id='word_1_133' title='bbox 517 1096 681 1152; x_wconf 85' lang='lat' dir='ltr'>legatos</span> <span class='ocrx_word' id='word_1_134' title='bbox 702 1097 870 1137; x_wconf 87' lang='lat' dir='ltr'>Aeneas</span> <span class='ocrx_word' id='word_1_135' title='bbox 895 1096 1071 1149; x_wconf 84' lang='lat' dir='ltr'>dixerat,</span> <span class='ocrx_word' id='word_1_136' title='bbox 1102 1097 1311 1139; x_wconf 88' lang='lat' dir='ltr'>tumultus</span> <span class='ocrx_word' id='word_1_137' title='bbox 1333 1099 1414 1140; x_wconf 93' lang='lat' dir='ltr'>ori-</span> 
     </span>
     <span class='ocr_line' id='line_1_19' title="bbox 124 1129 1412 1216; baseline 0.002 -23"><span class='ocrx_word' id='word_1_138' title='bbox 124 1154 196 1193; x_wconf 90' lang='lat' dir='ltr'>tur</span> <span class='ocrx_word' id='word_1_139' title='bbox 225 1152 386 1194; x_wconf 90' lang='grc'><strong>36111661</strong></span> <span class='ocrx_word' id='word_1_140' title='bbox 413 1167 491 1216; x_wconf 78' lang='lat' dir='ltr'>per</span> <span class='ocrx_word' id='word_1_141' title='bbox 521 1167 618 1194; x_wconf 91' lang='lat' dir='ltr'>eum</span> <span class='ocrx_word' id='word_1_142' title='bbox 649 1152 892 1194; x_wconf 87' lang='lat' dir='ltr'>universam</span> <span class='ocrx_word' id='word_1_143' title='bbox 917 1129 1078 1193; x_wconf 88' lang='lat' dir='ltr'>Priami</span> <span class='ocrx_word' id='word_1_144' title='bbox 1109 1151 1281 1194; x_wconf 91' lang='lat' dir='ltr'>domum</span> <span class='ocrx_word' id='word_1_145' title='bbox 1314 1154 1412 1195; x_wconf 92' lang='lat' dir='ltr'>odio</span> 
     </span>
     <span class='ocr_line' id='line_1_20' title="bbox 124 1207 1411 1263; baseline 0.001 -13"><span class='ocrx_word' id='word_1_146' title='bbox 124 1208 248 1263; x_wconf 85' lang='lat' dir='ltr'>regni</span> <span class='ocrx_word' id='word_1_147' title='bbox 269 1208 358 1250; x_wconf 89' lang='lat' dir='ltr'>eius</span> <span class='ocrx_word' id='word_1_148' title='bbox 378 1209 562 1262; x_wconf 89' lang='lat' dir='ltr'>pessimo</span> <span class='ocrx_word' id='word_1_149' title='bbox 593 1207 885 1250; x_wconf 89' lang='lat' dir='ltr'>intercedendi</span> <span class='ocrx_word' id='word_1_150' title='bbox 906 1208 1100 1262; x_wconf 87' lang='lat' dir='ltr'>exemplo</span> <span class='ocrx_word' id='word_1_151' title='bbox 1124 1222 1317 1251; x_wconf 87' lang='lat' dir='ltr'>eversum</span> <span class='ocrx_word' id='word_1_152' title='bbox 1346 1210 1411 1252; x_wconf 88' lang='lat' dir='ltr'>iri.</span> 
     </span>
     <span class='ocr_line' id='line_1_21' title="bbox 236 1263 1463 1320; baseline 0.002 -14"><span class='ocrx_word' id='word_1_153' title='bbox 236 1263 417 1306; x_wconf 89' lang='lat' dir='ltr'>XXVII.</span> <span class='ocrx_word' id='word_1_154' title='bbox 475 1264 495 1306; x_wconf 95' lang='lat' dir='ltr'>I</span> <span class='ocrx_word' id='word_1_155' title='bbox 528 1265 615 1307; x_wconf 89' lang='lat' dir='ltr'>itur</span> <span class='ocrx_word' id='word_1_156' title='bbox 653 1264 725 1307; x_wconf 92' lang='lat' dir='ltr'>ubi</span> <span class='ocrx_word' id='word_1_157' title='bbox 763 1264 894 1320; x_wconf 85' lang='lat' dir='ltr'>legati</span> <span class='ocrx_word' id='word_1_158' title='bbox 933 1264 986 1305; x_wconf 89' lang='lat' dir='ltr'>ad</span> <span class='ocrx_word' id='word_1_159' title='bbox 1025 1265 1256 1306; x_wconf 85' lang='lat' dir='ltr'>exercitum</span> <span class='ocrx_word' id='word_1_160' title='bbox 1295 1280 1409 1308; x_wconf 90' lang='lat' dir='ltr'>reve·</span> <span class='ocrx_word' id='word_1_161' title='bbox 1430 1279 1463 1304; x_wconf 80' lang='lat'>20</span> 
     </span>
     <span class='ocr_line' id='line_1_22' title="bbox 123 1320 1411 1376; baseline 0.002 -14"><span class='ocrx_word' id='word_1_162' title='bbox 123 1333 246 1374; x_wconf 89' lang='lat' dir='ltr'>nere,</span> <span class='ocrx_word' id='word_1_163' title='bbox 294 1321 458 1362; x_wconf 88' lang='lat' dir='ltr'>cunctis</span> <span class='ocrx_word' id='word_1_164' title='bbox 530 1321 678 1362; x_wconf 89' lang='lat' dir='ltr'>ucibus</span> <span class='ocrx_word' id='word_1_165' title='bbox 726 1320 838 1362; x_wconf 86' lang='lat' dir='ltr'>dicta</span> <span class='ocrx_word' id='word_1_166' title='bbox 881 1323 1083 1376; x_wconf 87' lang='lat' dir='ltr'>gestaque</span> <span class='ocrx_word' id='word_1_167' title='bbox 1128 1320 1411 1364; x_wconf 85' lang='lat' dir='ltr'>Troianorum</span> 
     </span>
     <span class='ocr_line' id='line_1_23' title="bbox 123 1353 1411 1433; baseline 0.002 -16"><span class='ocrx_word' id='word_1_168' title='bbox 123 1353 347 1418; x_wconf 70' lang='lat' dir='ltr'>adversum</span> <span class='ocrx_word' id='word_1_169' title='bbox 377 1391 421 1418; x_wconf 90' lang='lat' dir='ltr'>se</span> <span class='ocrx_word' id='word_1_170' title='bbox 451 1379 683 1431; x_wconf 88' lang='lat' dir='ltr'>exponunt.</span> <span class='ocrx_word' id='word_1_171' title='bbox 735 1376 878 1431; x_wconf 89' lang='lat' dir='ltr'>itaque</span> <span class='ocrx_word' id='word_1_172' title='bbox 909 1375 1161 1429; x_wconf 87' lang='lat' dir='ltr'>decernitur,</span> <span class='ocrx_word' id='word_1_173' title='bbox 1194 1378 1257 1419; x_wconf 92' lang='lat' dir='ltr'>uti</span> <span class='ocrx_word' id='word_1_174' title='bbox 1285 1377 1411 1433; x_wconf 82' lang='lat' dir='ltr'>Poly-</span> 
     </span>
     <span class='ocr_line' id='line_1_24' title="bbox 123 1431 1410 1487; baseline 0.002 -14"><span class='ocrx_word' id='word_1_175' title='bbox 123 1431 274 1474; x_wconf 91' lang='lat' dir='ltr'>dorum</span> <span class='ocrx_word' id='word_1_176' title='bbox 304 1433 350 1474; x_wconf 91' lang='lat' dir='ltr'>in</span> <span class='ocrx_word' id='word_1_177' title='bbox 371 1436 601 1487; x_wconf 87' lang='lat' dir='ltr'>conspectu</span> <span class='ocrx_word' id='word_1_178' title='bbox 623 1434 814 1475; x_wconf 90' lang='lat' dir='ltr'>omnium</span> <span class='ocrx_word' id='word_1_179' title='bbox 844 1435 971 1486; x_wconf 87' lang='lat' dir='ltr'>atque</span> <span class='ocrx_word' id='word_1_180' title='bbox 999 1435 1098 1474; x_wconf 88' lang='lat' dir='ltr'>ante</span> <span class='ocrx_word' id='word_1_181' title='bbox 1129 1432 1245 1486; x_wconf 91' lang='lat' dir='ltr'>ipsos</span> <span class='ocrx_word' id='word_1_182' title='bbox 1266 1448 1410 1476; x_wconf 90' lang='lat' dir='ltr'>muros</span> 
     </span>
     <span class='ocr_line' id='line_1_25' title="bbox 121 1488 1410 1544; baseline 0.001 -14"><span class='ocrx_word' id='word_1_183' title='bbox 121 1491 336 1531; x_wconf 86' lang='lat' dir='ltr'>necarent.</span> <span class='ocrx_word' id='word_1_184' title='bbox 396 1503 534 1544; x_wconf 91' lang='lat' dir='ltr'>neque</span> <span class='ocrx_word' id='word_1_185' title='bbox 581 1489 759 1531; x_wconf 89' lang='lat' dir='ltr'>ulterius</span> <span class='ocrx_word' id='word_1_186' title='bbox 807 1488 985 1530; x_wconf 88' lang='lat' dir='ltr'>dilatum</span> <span class='ocrx_word' id='word_1_187' title='bbox 1022 1489 1208 1530; x_wconf 87' lang='lat' dir='ltr'>facinus:</span> <span class='ocrx_word' id='word_1_188' title='bbox 1253 1490 1410 1544; x_wconf 88' lang='lat' dir='ltr'>quippe</span> 
     </span>
     <span class='ocr_line' id='line_1_26' title="bbox 122 1543 1462 1600; baseline -0.001 -15"><span class='ocrx_word' id='word_1_189' title='bbox 122 1543 354 1598; x_wconf 82' lang='lat' dir='ltr'>productus</span> <span class='ocrx_word' id='word_1_190' title='bbox 384 1560 430 1586; x_wconf 90' lang='grc'>111</span> <span class='ocrx_word' id='word_1_191' title='bbox 459 1545 646 1587; x_wconf 90' lang='lat' dir='ltr'>medium</span> <span class='ocrx_word' id='word_1_192' title='bbox 676 1544 913 1587; x_wconf 87' lang='lat' dir='ltr'>visentibus</span> <span class='ocrx_word' id='word_1_193' title='bbox 952 1559 1002 1586; x_wconf 91' lang='lat' dir='ltr'>ex</span> <span class='ocrx_word' id='word_1_194' title='bbox 1032 1544 1165 1586; x_wconf 88' lang='lat' dir='ltr'>muris</span> <span class='ocrx_word' id='word_1_195' title='bbox 1194 1545 1408 1600; x_wconf 88' lang='lat' dir='ltr'>plerisque</span> <span class='ocrx_word' id='word_1_196' title='bbox 1429 1558 1462 1583; x_wconf 85' lang='lat'>25</span> 
     </span>
     <span class='ocr_line' id='line_1_27' title="bbox 121 1600 1410 1656; baseline 0.002 -14"><span class='ocrx_word' id='word_1_197' title='bbox 121 1600 309 1642; x_wconf 88' lang='lat' dir='ltr'>hostium</span> <span class='ocrx_word' id='word_1_198' title='bbox 339 1601 551 1656; x_wconf 88' lang='lat' dir='ltr'>lapidibus</span> <span class='ocrx_word' id='word_1_199' title='bbox 589 1602 698 1643; x_wconf 89' lang='lat' dir='ltr'>ictus</span> <span class='ocrx_word' id='word_1_200' title='bbox 735 1601 948 1643; x_wconf 86' lang='lat' dir='ltr'>fraternae</span> <span class='ocrx_word' id='word_1_201' title='bbox 988 1601 1219 1655; x_wconf 87' lang='lat' dir='ltr'>impietatis</span> <span class='ocrx_word' id='word_1_202' title='bbox 1250 1616 1410 1656; x_wconf 89' lang='lat' dir='ltr'>poenas</span> 
     </span>
     <span class='ocr_line' id='line_1_28' title="bbox 121 1656 1410 1712; baseline 0.002 -15"><span class='ocrx_word' id='word_1_203' title='bbox 121 1656 214 1698; x_wconf 89' lang='lat' dir='ltr'>luit.</span> <span class='ocrx_word' id='word_1_204' title='bbox 266 1671 314 1698; x_wconf 88' lang='lat' dir='ltr'>ac</span> <span class='ocrx_word' id='word_1_205' title='bbox 344 1671 443 1699; x_wconf 88' lang='lat' dir='ltr'>mox</span> <span class='ocrx_word' id='word_1_206' title='bbox 474 1672 584 1699; x_wconf 87' lang='lat' dir='ltr'>unus</span> <span class='ocrx_word' id='word_1_207' title='bbox 616 1673 666 1699; x_wconf 92' lang='lat' dir='ltr'>ex</span> <span class='ocrx_word' id='word_1_208' title='bbox 696 1657 977 1712; x_wconf 87' lang='lat' dir='ltr'>praeconibus</span> <span class='ocrx_word' id='word_1_209' title='bbox 1007 1657 1253 1698; x_wconf 87' lang='lat' dir='ltr'>nuntiatum</span> <span class='ocrx_word' id='word_1_210' title='bbox 1283 1657 1410 1699; x_wconf 92' lang='lat' dir='ltr'>Ilien-</span> 
     </span>
     <span class='ocr_line' id='line_1_29' title="bbox 120 1712 1408 1776; baseline 0.001 -22"><span class='ocrx_word' id='word_1_211' title='bbox 120 1712 236 1754; x_wconf 88' lang='lat' dir='ltr'>sibus</span> <span class='ocrx_word' id='word_1_212' title='bbox 266 1712 463 1767; x_wconf 88' lang='lat' dir='ltr'>mittitur,</span> <span class='ocrx_word' id='word_1_213' title='bbox 494 1714 558 1755; x_wconf 91' lang='lat' dir='ltr'>uti</span> <span class='ocrx_word' id='word_1_214' title='bbox 588 1713 850 1768; x_wconf 78' lang='lat' dir='ltr'>Polydorum</span> <span class='ocrx_word' id='word_1_215' title='bbox 881 1713 1171 1767; x_wconf 87' lang='lat' dir='ltr'>sepeliendum</span> <span class='ocrx_word' id='word_1_216' title='bbox 1201 1715 1408 1776; x_wconf 80' lang='lat' dir='ltr'>peterent.</span> 
     </span>
     <span class='ocr_line' id='line_1_30' title="bbox 119 1768 1409 1824; baseline 0.001 -14"><span class='ocrx_word' id='word_1_217' title='bbox 119 1769 356 1824; x_wconf 86' lang='lat' dir='ltr'>missusque</span> <span class='ocrx_word' id='word_1_218' title='bbox 377 1769 429 1810; x_wconf 88' lang='lat' dir='ltr'>ad</span> <span class='ocrx_word' id='word_1_219' title='bbox 460 1784 552 1812; x_wconf 91' lang='lat' dir='ltr'>eam</span> <span class='ocrx_word' id='word_1_220' title='bbox 582 1784 671 1812; x_wconf 89' lang='lat' dir='ltr'>rem</span> <span class='ocrx_word' id='word_1_221' title='bbox 692 1769 842 1812; x_wconf 88' lang='lat' dir='ltr'>Idaeus</span> <span class='ocrx_word' id='word_1_222' title='bbox 875 1783 969 1810; x_wconf 88' lang='lat' dir='ltr'>cum</span> <span class='ocrx_word' id='word_1_223' title='bbox 1000 1768 1131 1810; x_wconf 87' lang='lat' dir='ltr'>servis</span> <span class='ocrx_word' id='word_1_224' title='bbox 1162 1769 1290 1824; x_wconf 85' lang='lat' dir='ltr'>regiis</span> <span class='ocrx_word' id='word_1_225' title='bbox 1321 1770 1409 1811; x_wconf 90' lang='lat' dir='ltr'>foe-</span> 
     </span>
     <span class='ocr_line' id='line_1_31' title="bbox 120 1824 1459 1890; baseline -0.002 -24"><span class='ocrx_word' id='word_1_226' title='bbox 120 1824 265 1869; x_wconf 89' lang='lat' dir='ltr'>datum</span> <span class='ocrx_word' id='word_1_227' title='bbox 295 1839 343 1867; x_wconf 90' lang='lat' dir='ltr'>ac</span> <span class='ocrx_word' id='word_1_228' title='bbox 364 1824 616 1868; x_wconf 87' lang='lat' dir='ltr'>dilaniatum</span> <span class='ocrx_word' id='word_1_229' title='bbox 645 1826 856 1890; x_wconf 89' lang='lat' dir='ltr'>lapidibus</span> <span class='ocrx_word' id='word_1_230' title='bbox 877 1825 1139 1879; x_wconf 91' lang='lat' dir='ltr'>Polydorum</span> <span class='ocrx_word' id='word_1_231' title='bbox 1159 1826 1285 1866; x_wconf 90' lang='lat' dir='ltr'>matri</span> <span class='ocrx_word' id='word_1_232' title='bbox 1317 1826 1406 1867; x_wconf 88' lang='lat' dir='ltr'>eius</span> <span class='ocrx_word' id='word_1_233' title='bbox 1425 1838 1459 1863; x_wconf 81' lang='lat'>30</span> 
     </span>
     <span class='ocr_line' id='line_1_32' title="bbox 118 1879 1408 1936; baseline -0.001 -13"><span class='ocrx_word' id='word_1_234' title='bbox 118 1879 319 1923; x_wconf 90' lang='lat' dir='ltr'>Hecubae</span> <span class='ocrx_word' id='word_1_235' title='bbox 349 1881 490 1924; x_wconf 87' lang='lat' dir='ltr'>refert.</span> <span class='ocrx_word' id='word_1_236' title='bbox 541 1882 713 1924; x_wconf 89' lang='lat' dir='ltr'>interim</span> <span class='ocrx_word' id='word_1_237' title='bbox 741 1883 851 1924; x_wconf 87' lang='lat' dir='ltr'>Aiax</span> <span class='ocrx_word' id='word_1_238' title='bbox 880 1881 1172 1934; x_wconf 81' lang='lat' dir='ltr'>Telamonius,</span> <span class='ocrx_word' id='word_1_239' title='bbox 1211 1896 1264 1922; x_wconf 92' lang='lat' dir='ltr'>ne</span> <span class='ocrx_word' id='word_1_240' title='bbox 1306 1881 1408 1936; x_wconf 88' lang='lat' dir='ltr'>quid</span> 
     </span>
     <span class='ocr_line' id='line_1_33' title="bbox 122 1937 1405 2002; baseline -0.001 -23"><span class='ocrx_word' id='word_1_241' title='bbox 122 1937 314 1992; x_wconf 88' lang='lat' dir='ltr'>quietum</span> <span class='ocrx_word' id='word_1_242' title='bbox 358 1938 552 1980; x_wconf 90' lang='lat' dir='ltr'>finitimis</span> <span class='ocrx_word' id='word_1_243' title='bbox 596 1938 748 1980; x_wconf 85' lang='lat' dir='ltr'>Troiae</span> <span class='ocrx_word' id='word_1_244' title='bbox 793 1938 1040 2002; x_wconf 86' lang='lat' dir='ltr'>regionibus</span> <span class='ocrx_word' id='word_1_245' title='bbox 1085 1940 1211 1992; x_wconf 89' lang='lat' dir='ltr'>atque</span> <span class='ocrx_word' id='word_1_246' title='bbox 1259 1938 1405 1979; x_wconf 89' lang='lat' dir='ltr'>amicis</span> 
     </span>
     <span class='ocr_line' id='line_1_34' title="bbox 119 1993 1407 2050; baseline 0 -16"><span class='ocrx_word' id='word_1_247' title='bbox 119 1993 450 2048; x_wconf 80' lang='lat' dir='ltr'>relinqueretur,</span> <span class='ocrx_word' id='word_1_248' title='bbox 498 1994 711 2037; x_wconf 87' lang='lat' dir='ltr'>hostiliter</span> <span class='ocrx_word' id='word_1_249' title='bbox 756 2009 825 2036; x_wconf 89' lang='lat' dir='ltr'>eas</span> <span class='ocrx_word' id='word_1_250' title='bbox 870 1994 1085 2050; x_wconf 83' lang='lat' dir='ltr'>ingressus</span> <span class='ocrx_word' id='word_1_251' title='bbox 1125 1996 1210 2034; x_wconf 84' lang='lat' dir='ltr'>Pet</span> <span class='ocrx_word' id='word_1_252' title='bbox 1198 2008 1294 2045; x_wconf 71' lang='lat' dir='ltr'>jam</span> <span class='ocrx_word' id='word_1_253' title='bbox 1335 1993 1407 2035; x_wconf 84' lang='lat' dir='ltr'>Ze-</span> 
     </span>
    </p>
   </div>
   <div class='ocr_carea' id='block_1_3' title="bbox 118 2068 387 2076">
    <p class='ocr_par' dir='ltr' id='par_1_3' title="bbox 118 2068 387 2076">
     <span class='ocr_line' id='line_1_35' title="bbox 118 2068 387 2076; baseline 0 0"><span class='ocrx_word' id='word_1_254' title='bbox 118 2068 387 2076; x_wconf 95' lang='lat' dir='ltr'> </span> 
     </span>
    </p>
   </div>
   <div class='ocr_carea' id='block_1_4' title="bbox 210 2096 932 2131">
    <p class='ocr_par' dir='ltr' id='par_1_4' title="bbox 210 2096 932 2131">
     <span class='ocr_line' id='line_1_36' title="bbox 210 2096 932 2131; baseline 0.001 -2"><span class='ocrx_word' id='word_1_255' title='bbox 210 2096 351 2130; x_wconf 86' lang='lat' dir='ltr'>XXVII</span> <span class='ocrx_word' id='word_1_256' title='bbox 375 2096 504 2130; x_wconf 84' lang='lat' dir='ltr'>Malal.</span> <span class='ocrx_word' id='word_1_257' title='bbox 533 2098 596 2131; x_wconf 85' lang='lat'>129</span> <span class='ocrx_word' id='word_1_258' title='bbox 622 2098 776 2131; x_wconf 85' lang='lat' dir='ltr'>Cedren.</span> <span class='ocrx_word' id='word_1_259' title='bbox 803 2098 831 2130; x_wconf 91' lang='lat' dir='ltr'>P</span> <span class='ocrx_word' id='word_1_260' title='bbox 858 2099 932 2130; x_wconf 79' lang='lat'>127.</span> 
     </span>
    </p>
   </div>
   <div class='ocr_carea' id='block_1_5' title="bbox 118 2157 383 2166">
    <p class='ocr_par' dir='ltr' id='par_1_5' title="bbox 118 2157 383 2166">
     <span class='ocr_line' id='line_1_37' title="bbox 118 2157 383 2166; baseline 0 0"><span class='ocrx_word' id='word_1_261' title='bbox 118 2157 383 2166; x_wconf 95' lang='lat' dir='ltr'> </span> 
     </span>
    </p>
   </div>
   <div class='ocr_carea' id='block_1_6' title="bbox 117 2186 1408 2365">
    <p class='ocr_par' dir='ltr' id='par_1_6' title="bbox 117 2186 1408 2365">
     <span class='ocr_line' id='line_1_38' title="bbox 208 2186 1408 2230; baseline 0.001 -12"><span class='ocrx_word' id='word_1_262' title='bbox 208 2187 228 2218; x_wconf 85' lang='lat'>2</span> <span class='ocrx_word' id='word_1_263' title='bbox 254 2187 315 2229; x_wconf 86' lang='lat' dir='ltr'>qui</span> <span class='ocrx_word' id='word_1_264' title='bbox 334 2186 395 2220; x_wconf 86' lang='lat' dir='ltr'>GB</span> <span class='ocrx_word' id='word_1_265' title='bbox 427 2186 514 2230; x_wconf 88' lang='lat' dir='ltr'>quid</span> <span class='ocrx_word' id='word_1_266' title='bbox 533 2187 603 2219; x_wconf 89' lang='lat' dir='ltr'>PV</span> <span class='ocrx_word' id='word_1_267' title='bbox 669 2190 689 2221; x_wconf 90' lang='lat'><strong>3</strong></span> <span class='ocrx_word' id='word_1_268' title='bbox 716 2187 853 2220; x_wconf 81' lang='lat' dir='ltr'>cholcis</span> <span class='ocrx_word' id='word_1_269' title='bbox 875 2188 902 2220; x_wconf 88' lang='lat' dir='ltr'><em>G</em></span> <span class='ocrx_word' id='word_1_270' title='bbox 927 2187 1066 2220; x_wconf 81' lang='lat' dir='ltr'>colchis</span> <span class='ocrx_word' id='word_1_271' title='bbox 1084 2187 1117 2218; x_wconf 86' lang='lat' dir='ltr'><em>B</em></span> <span class='ocrx_word' id='word_1_272' title='bbox 1139 2187 1143 2227; x_wconf 85' lang='grc' dir='ltr'>Ι</span> <span class='ocrx_word' id='word_1_273' title='bbox 1164 2186 1362 2220; x_wconf 84' lang='lat' dir='ltr'>iolchorum</span> <span class='ocrx_word' id='word_1_274' title='bbox 1379 2186 1408 2219; x_wconf 79' lang='lat' dir='ltr'><em>G</em></span> 
     </span>
     <span class='ocr_line' id='line_1_39' title="bbox 119 2231 1406 2275; baseline -0.001 -11"><span class='ocrx_word' id='word_1_275' title='bbox 119 2231 326 2264; x_wconf 85' lang='lat' dir='ltr'>colchorum</span> <span class='ocrx_word' id='word_1_276' title='bbox 345 2231 388 2263; x_wconf 87' lang='lat' dir='ltr'>B.</span> <span class='ocrx_word' id='word_1_277' title='bbox 460 2234 478 2265; x_wconf 78' lang='lat'>&#39;1</span> <span class='ocrx_word' id='word_1_278' title='bbox 496 2233 642 2275; x_wconf 81' lang='lat' dir='ltr'>iamque</span> <span class='ocrx_word' id='word_1_279' title='bbox 662 2233 724 2265; x_wconf 90' lang='lat' dir='ltr'>GB</span> <span class='ocrx_word' id='word_1_280' title='bbox 763 2233 835 2266; x_wconf 81' lang='lat' dir='ltr'>iam</span> <span class='ocrx_word' id='word_1_281' title='bbox 853 2233 998 2275; x_wconf 80' lang='lat' dir='ltr'>iamque</span> <span class='ocrx_word' id='word_1_282' title='bbox 1021 2233 1062 2264; x_wconf 90' lang='lat' dir='ltr'>V.</span> <span class='ocrx_word' id='word_1_283' title='bbox 1091 2239 1125 2264; x_wconf 80' lang='lat' dir='ltr'>ut</span> <span class='ocrx_word' id='word_1_284' title='bbox 1142 2233 1246 2265; x_wconf 80' lang='lat' dir='ltr'>uoluit</span> <span class='ocrx_word' id='word_1_285' title='bbox 1263 2231 1406 2265; x_wconf 75' lang='lat' dir='ltr'>Orellius</span> 
     </span>
     <span class='ocr_line' id='line_1_40' title="bbox 117 2275 1405 2320; baseline -0.002 -11"><span class='ocrx_word' id='word_1_286' title='bbox 117 2276 139 2309; x_wconf 79' lang='lat'>8</span> <span class='ocrx_word' id='word_1_287' title='bbox 166 2277 298 2320; x_wconf 87' lang='lat' dir='ltr'>quippe</span> <span class='ocrx_word' id='word_1_288' title='bbox 330 2276 467 2311; x_wconf 80' lang='lat' dir='ltr'>auxilio</span> <span class='ocrx_word' id='word_1_289' title='bbox 501 2277 563 2310; x_wconf 86' lang='lat' dir='ltr'>GB</span> <span class='ocrx_word' id='word_1_290' title='bbox 611 2277 747 2311; x_wconf 87' lang='lat' dir='ltr'>auxilio</span> <span class='ocrx_word' id='word_1_291' title='bbox 778 2283 870 2311; x_wconf 80' lang='lat' dir='ltr'>recte</span> <span class='ocrx_word' id='word_1_292' title='bbox 901 2288 962 2310; x_wconf 89' lang='lat' dir='ltr'>om.</span> <span class='ocrx_word' id='word_1_293' title='bbox 994 2278 1025 2309; x_wconf 82' lang='lat' dir='ltr'><em>A</em></span> <span class='ocrx_word' id='word_1_294' title='bbox 1119 2279 1162 2310; x_wconf 77' lang='lat'>29</span> <span class='ocrx_word' id='word_1_295' title='bbox 1194 2277 1304 2309; x_wconf 88' lang='lat' dir='ltr'>Ideus</span> <span class='ocrx_word' id='word_1_296' title='bbox 1342 2275 1405 2308; x_wconf 85' lang='lat' dir='ltr'>GB</span> 
     </span>
     <span class='ocr_line' id='line_1_41' title="bbox 118 2321 1401 2365; baseline -0.001 -10"><span class='ocrx_word' id='word_1_297' title='bbox 118 2322 160 2355; x_wconf 84' lang='lat'>32</span> <span class='ocrx_word' id='word_1_298' title='bbox 185 2331 262 2364; x_wconf 83' lang='lat' dir='ltr'>reg.</span> <span class='ocrx_word' id='word_1_299' title='bbox 288 2322 349 2357; x_wconf 87' lang='lat' dir='ltr'>Tr.</span> <span class='ocrx_word' id='word_1_300' title='bbox 381 2321 427 2355; x_wconf 89' lang='lat' dir='ltr'>G¹</span> <span class='ocrx_word' id='word_1_301' title='bbox 499 2325 540 2357; x_wconf 88' lang='lat'>33</span> <span class='ocrx_word' id='word_1_302' title='bbox 567 2323 723 2356; x_wconf 81' lang='lat' dir='ltr'>botiram</span> <span class='ocrx_word' id='word_1_303' title='bbox 749 2323 944 2365; x_wconf 81' lang='lat' dir='ltr'>cillamque</span> <span class='ocrx_word' id='word_1_304' title='bbox 974 2322 1035 2355; x_wconf 87' lang='lat' dir='ltr'>GB</span> <span class='ocrx_word' id='word_1_305' title='bbox 1061 2333 1152 2355; x_wconf 84' lang='lat' dir='ltr'>corr.</span> <span class='ocrx_word' id='word_1_306' title='bbox 1181 2321 1401 2354; x_wconf 63' lang='lat' dir='ltr'>Dedericlzzm.</span> 
     </span>
    </p>
   </div>
   <div class='ocr_carea' id='block_1_7' title="bbox 1149 2378 1198 2410">
    <p class='ocr_par' dir='ltr' id='par_1_7' title="bbox 1149 2378 1198 2410">
     <span class='ocr_line' id='line_1_42' title="bbox 1149 2378 1198 2410; baseline 0 -12"><span class='ocrx_word' id='word_1_307' title='bbox 1149 2378 1198 2410; x_wconf 75' lang='grc'>3*</span> 
     </span>
    </p>
   </div>
  </div>
 </body>
</html>
