1621 2550
220 102 300 144 108
623 102 796 135 DICTYS
822 102 1088 136 CRETENSIS

217 206 294 244 nat
324 202 625 256 adscenditque
655 202 758 256 ipse.
809 201 907 242 dein
937 201 1114 243 saevitia
1134 201 1286 243 hiemis
1315 202 1500 243 multum

217 273 333 300 mare
362 259 567 314 fatigatus
596 257 880 312 adpulsusque
911 258 963 299 ad
991 256 1219 312 Sepiadum
1248 258 1363 310 litus,
1385 257 1500 312 quod

217 318 393 369 propter
423 329 621 356 saxorum
642 313 937 355 difficultatem
958 328 1116 355 nomen
1147 313 1354 355 eiusmodi
1375 328 1499 368 quae-

217 371 385 424 siva-‚at
417 385 564 411 omnes
602 370 689 411 fere
719 384 849 411 naves
875 370 1034 411 amittit
1070 370 1141 411 vix
1170 370 1261 424 ipse
1292 384 1388 411 cum
1417 369 1499 424 his,

183 443 199 468 5
219 427 292 480 qui
322 427 369 467 in
399 426 545 468 eodem
574 426 748 481 navigio
779 426 961 480 fuerant,
992 426 1206 467 liberatus.
1281 426 1342 467 ibi
1371 425 1502 467 Pelea

219 497 346 523 avum
374 483 562 536 repperit
593 483 850 523 occultatum
889 481 1091 535 spelunca
1128 481 1272 523 abdita
1310 483 1352 522 et
1382 484 1498 523 tene-

217 538 362 592 brosa,
393 539 467 579 ubi
505 553 633 579 senex
663 538 750 579 vim
780 541 907 591 atque
945 537 1120 578 insidias
1149 537 1297 578 Acasti
1335 537 1501 579 evitans

217 595 382 635 assidue
412 595 581 648 nepotis
622 593 828 635 desiderio
868 593 1120 648 navigantes
1161 597 1203 635 et
1242 593 1276 634 si
1306 592 1418 635 forte
1449 607 1500 635 00

219 650 384 704 adpulsi
416 653 558 691 essent
588 650 797 704 speculari
828 652 1065 691 consuerat.
1116 649 1214 690 dein
1245 649 1318 690 ubi
1348 652 1503 691 cuncta

167 723 200 747 10
219 706 368 747 domus
399 706 753 760 fortunarumque
785 705 957 747 edoctus
988 709 1064 759 est,
1096 706 1322 747 consilium
1353 719 1501 761 aggre-

219 762 363 803 diendi
384 763 528 804 hostes
558 762 666 803 inire
689 763 865 816 occipit:
897 776 992 803 cum
1013 762 1123 803 forte
1148 762 1370 817 cognoscit
1389 762 1501 803 filios

217 819 365 859 Acasti
387 818 680 873 Menalippum
713 822 754 860 et
774 818 1038 860 Plisthenem
1060 821 1261 859 venatum
1284 817 1500 872 profectos

217 874 436 916 devenisse
472 875 524 915 ad
555 889 604 915 ea
631 875 736 916 loca.
795 874 945 928 Itaque
982 877 1145 915 mutata
1175 877 1290 915 veste
1324 877 1502 915 Iolcium

217 931 422 971 simulans
460 931 685 971 iuvenibus
723 931 847 971 offert
876 944 965 971 sese
1009 930 1182 984 eiusque
1214 930 1404 984 cupitum
1436 930 1502 971 sui

166 1001 198 1026 15
217 986 439 1027 interitum
469 987 611 1027 refert.
673 987 726 1027 ob
758 1001 864 1040 quae
895 987 1064 1027 iunctus
1101 986 1169 1027 his
1208 986 1253 1027 in
1291 987 1501 1039 venando,

216 1042 290 1082 ubi
320 1056 509 1084 seorsum
549 1044 601 1083 ab
633 1043 782 1084 ceteris
812 1042 1108 1096 Menalippum
1144 1042 1278 1095 videt,
1319 1057 1501 1106 eumque

218 1102 260 1139 et
287 1099 416 1152 paulo
456 1101 554 1152 post
590 1098 766 1140 fratrem
806 1099 895 1140 eius
941 1100 1157 1140 insecutus
1197 1099 1416 1140 interficit:
1455 1100 1501 1140 in

217 1168 399 1208 quorum
437 1155 761 1209 inquisitionem
800 1169 946 1196 servus
983 1154 1155 1209 quidam
1203 1154 1380 1218 Cinyras
1425 1169 1501 1196 no-

216 1210 330 1251 mine
379 1225 584 1264 perquam
630 1211 738 1252 fidus
785 1212 1002 1265 profectus
1047 1211 1091 1252 in
1136 1225 1286 1252 manus
1335 1211 1502 1252 iuvenis

165 1283 197 1308 20
217 1266 388 1308 devenit
424 1267 849 1322 {comprehensusque
887 1268 1091 1309 Acastum
1138 1267 1283 1308 adfore
1330 1267 1504 1308 nuntiat

215 1324 341 1377 atque
372 1323 433 1364 ita
462 1323 681 1365 occiditur.

329 1378 403 1420 IX.
463 1379 612 1433 Itaque
642 1379 952 1433 Neoptolemus
982 1380 1145 1420 mutata
1165 1378 1356 1434 Phrygia
1385 1381 1502 1420 veste

214 1438 433 1489 tamquam
477 1436 589 1476 filius
628 1435 788 1477 Priami
825 1435 1007 1489 Mest0r‚
1054 1435 1127 1489 qui
1173 1436 1365 1489 captivus
1405 1449 1502 1477 cum

215 1491 382 1545 Pyrrho
414 1491 466 1533 ad
499 1506 546 1533 ea
576 1492 670 1533 loca
700 1492 992 1547 navigaverat,
1016 1493 1173 1533 Acasto
1204 1492 1354 1532 obvius
1383 1492 1502 1532 venit

164 1564 196 1589 25
219 1547 354 1602 eique,
378 1548 553 1602 quinam
574 1551 697 1602 esset,
728 1548 888 1589 indicat
919 1551 960 1589 et
980 1547 1313 1602 Neoptolemum
1342 1548 1388 1588 in
1410 1562 1503 1602 spe-

215 1603 342 1645 lunca
370 1604 598 1660 fatigatum
627 1605 801 1668 navigio
833 1619 1068 1659 somnoque
1099 1605 1246 1645 iacere.
1308 1604 1362 1645 ob
1393 1618 1502 1658 quae

215 1660 366 1701 anxius
396 1661 578 1702 Acastus
618 1662 856 1715 opprimere
897 1676 1024 1715 quam
1063 1661 1400 1701 inimicissimum
1433 1674 1502 1701 cu-

215 1716 337 1770 piens
377 1716 429 1757 ad
467 1717 714 1771 speluncam
752 1717 893 1780 pergit
931 1719 1058 1771 atque
1103 1717 1148 1758 in
1188 1717 1280 1770 ipso
1321 1716 1437 1757 aditu
1476 1731 1503 1757 a

215 1771 406 1826 Thetide,
439 1787 546 1827 quae
577 1773 628 1814 ad
669 1788 718 1814 ea
746 1773 841 1815 loca
871 1773 1121 1828 inquisitum
1154 1772 1282 1814 Pelea
1312 1781 1501 1827 venerat,

164 1844 198 1869 30
217 1843 261 1869 re
293 1830 467 1884 cognita
495 1830 754 1883 reprimitur.
805 1830 902 1870 dein
934 1830 1108 1882 cunctis,
1142 1844 1248 1883 quae
1277 1829 1501 1870 adversum

216 1884 389 1926 domum
426 1886 608 1927 Achillis
653 1886 798 1940 inique
840 1889 882 1927 et
929 1863 1151 1927 adversu'm
1190 1886 1253 1926 fas
1299 1888 1500 1941 gesserat,

217 1942 475 1983 enumeratis
513 1942 825 1996 increpatisque
876 1942 927 1983 ad
964 1945 1227 1996 postremum
1266 1942 1499 1983 intercessu

216 2012 292 2039 suo
322 1998 520 2040 manibus
550 1999 716 2040 iuvenis
746 1999 918 2040 liberat:
956 1998 1213 2053 persuadens
1250 1999 1419 2053 nepoti,
1452 2000 1502 2039 ut

214 2068 269 2095 ne
301 2055 509 2110 sanguine
539 2055 718 2096 ulterius
756 2055 903 2097 ulcisci
934 2058 1106 2110 cuperet
1145 2069 1205 2109 ea,
1244 2069 1351 2110 quae
1383 2057 1501 2096 ante-

305 2238 324 2267 2
351 2237 441 2267 mari
472 2238 536 2268 Vl>
626 2239 645 2269 S
671 2238 700 2269 si
727 2238 787 2279 qui
807 2238 838 2269 P
923 2237 1115 2270 13100rn1u
1136 2237 1163 2268 G
1194 2236 1324 2269 loeium
1346 2236 1376 2268 B
1414 2236 1500 2268 loci-

215 2290 294 2312 cum
313 2282 357 2314 A.
379 2280 562 2314 Obrechtus
587 2284 728 2314 coniecit
752 2283 903 2315 Iolcium
996 2283 1038 2314 25
1064 2281 1200 2313 indicat
1226 2293 1285 2314 om.
1307 2282 1334 2314 G
1350 2282 1448 2313 habet
1465 2280 1501 2315 B

214 2326 257 2358 32
282 2326 559 2369 increpitasque
589 2328 627 2367 G,
653 2338 742 2360 corr.
772 2328 801 2359 B
