1621 2550
223 106 304 147 102
635 107 807 140 DICTYS
833 107 1099 141 ORETENSIS

221 220 343 248 verso
380 208 526 248 tamen
565 206 678 247 inter
718 220 760 247 se
792 220 985 248 sermone
1022 209 1176 263 agunt,
1216 221 1313 249 cum
1340 221 1395 249 ne
1424 221 1504 250 nos

222 261 395 325 quidem
425 263 552 304 unius
583 262 854 317 eiusdemque
890 262 1054 304 insulae
1094 263 1223 305 simili
1252 263 1402 328 lingua
1431 263 1506 306 sed

219 333 339 359 varla
368 319 660 372 permixtaque
691 321 872 360 utamur.
924 319 1056 374 igitur
1086 333 1147 374 ea,
1179 334 1286 374 quae
1315 320 1361 361 in
1391 319 1504 362 bello

222 388 400 416 evenere
431 374 604 416 Graecis
644 388 691 416 ac
730 374 938 428 barbaris,
980 378 1133 417 cuncta
1168 376 1306 418 sciens
1335 390 1505 430 perpes-

187 444 203 470 5
222 444 375 484 susque
413 445 568 486 magna
604 446 655 472 ex
684 433 803 485 parte
840 432 1069 472 memoriae
1097 432 1275 483 prodidi.
1336 432 1386 474 de
1417 433 1506 473 An-

219 489 368 527 tenore
410 488 583 541 eiusque
622 500 754 542 regno
799 501 906 541 quae
946 487 1161 529 audieram
1199 487 1348 529 retuli:
1388 502 1504 530 nunc

220 542 403 584 reditum
433 546 677 585 nostrorum
706 557 879 584 narrare
910 542 1039 585 iuvat.

598 735 806 783 LIBER
843 734 1126 785 SEXTUS.

332 845 366 886 I.
433 845 667 899 Postquam
714 846 924 899 impositis
974 846 1157 899 cunctis,
1204 861 1311 900 quae
1349 846 1508 901 singuli

222 900 335 942 bello
367 902 687 955 quaesiverunt,
727 902 951 964 ascendere
982 902 1081 955 ipsi,
1122 902 1273 943 solutis
1304 880 1509 943 anchora-

171 971 204 996 10
222 957 333 997 libus
364 957 584 1011 navigant.
636 957 734 999 dein
765 972 789 999 a
809 957 944 1012 puppi
974 958 1231 999 secundante
1253 960 1382 999 vento
1404 972 1506 1012 pau-

222 1013 280 1054 cis
321 1013 467 1054 diebus
497 1027 728 1067 pervenere
769 1014 821 1055 ad
853 1016 1069 1069 Aegaeum
1100 1028 1236 1055 mare:
1275 1014 1336 1056 ibi
1374 1014 1509 1056 multa

221 1069 429 1110 imbribus
460 1070 683 1123 ventisque
715 1073 757 1111 61
788 1071 841 1112 ob
876 1070 919 1111 id
950 1071 1164 1112 saeviente
1194 1071 1301 1112 mari
1331 1070 1510 1125 indigna

223 1126 386 1179 experti
416 1125 586 1180 passim,
615 1126 678 1167 uti
708 1126 796 1168 fors
824 1127 994 1180 tulerat,
1021 1126 1296 1181 dispalantur.
1347 1126 1393 1167 in
1414 1126 1508 1181 quis

221 1181 455 1223 Locrorum
493 1182 636 1223 classis
682 1183 939 1237 perturbatis
975 1197 1052 1236 per
1088 1185 1387 1237 tempestatem
1418 1182 1510 1224 offi-

173 1250 206 1277 15
225 1238 299 1279 ciis
337 1241 563 1279 nautarum
600 1241 642 1280 et
671 1239 784 1280 inter
814 1254 857 1281 se
887 1239 1115 1293 implicatis
1162 1239 1214 1280 ad
1243 1241 1509 1293 postremum

221 1294 401 1335 fulmine
440 1295 702 1336 comminuta
742 1299 815 1337 aut
852 1296 1025 1336 incensa
1058 1297 1144 1336 est:
1184 1297 1226 1336 et
1255 1309 1328 1336 rex
1358 1294 1510 1336 Locro-

221 1364 317 1391 rum
355 1351 465 1391 Aiax
510 1353 737 1405 postquam
783 1351 973 1393 natando
1015 1350 1191 1392 evadere
1236 1351 1510 1406 naufragium

223 1406 365 1447 enisus
397 1409 460 1448 est
490 1407 646 1461 aliique
677 1407 834 1449 tabulis
872 1413 945 1449 aut
984 1407 1067 1448 alio
1099 1407 1309 1448 levamine
1339 1408 1510 1449 fluitan-

221 1465 286 1504 tes
324 1466 551 1517 postquam
598 1463 650 1504 ad
686 1463 906 1506 Euboeam
954 1463 1180 1517 devenere,
1220 1462 1510 1506 Choeradibus

173 1532 205 1557 20
226 1519 411 1573 scopulis
452 1519 617 1573 adpulsi
654 1523 856 1573 pereunt:
905 1534 977 1562 eos
1024 1534 1208 1574 namque
1254 1533 1299 1561 re
1339 1520 1512 1575 cognita

222 1575 433 1629 Nauplius
471 1575 608 1616 ultum
653 1577 714 1617 ire
753 1577 927 1631 cupiens
973 1575 1212 1618 Palamedis
1250 1590 1399 1618 necem
1436 1590 1512 1631 per

222 1635 391 1673 noctem
423 1632 515 1686 igni
546 1631 657 1674 elato
680 1632 732 1673 ad
763 1648 812 1674 ea
841 1633 936 1675 loca
958 1631 1178 1674 deflectere
1207 1635 1427 1687 tamquam
1457 1632 1511 1674 ad

222 1690 395 1742 portum
425 1690 635 1743 coegerat.

336 1744 390 1785 H.
441 1744 524 1785 Per
554 1744 666 1785 idem
696 1747 863 1799 tempus
893 1744 1008 1786 Oeax
1038 1744 1200 1799 Naupli
1230 1744 1356 1798 filius,
1389 1743 1510 1785 Pala-

173 1813 206 1838 25
226 1801 357 1842 medis
385 1800 517 1841 frater
545 1801 718 1855 cognito
742 1800 926 1843 Graecos
955 1801 1007 1842 ad
1031 1815 1129 1842 suos
1158 1815 1347 1842 remeare
1369 1801 1510 1856 Argos

226 1857 363 1910 venit,
402 1856 462 1898 ibi
492 1857 702 1912 Aegialen
740 1860 867 1912 atque
899 1856 1224 1912 Clytemestram
1254 1856 1374 1898 falsis
1403 1871 1512 1898 nun-

223 1913 294 1954 tiis
326 1913 550 1954 adversum
589 1914 764 1955 maritos
812 1916 948 1955 armat
993 1913 1209 1968 praedicto
1250 1913 1401 1954 ducere
1440 1927 1512 1955 eos

225 1984 367 2011 secum
414 1984 465 2011 ex
509 1969 637 2011 Troia
681 1984 833 2011 uxores
886 1970 1102 2025 praelatas¹
1149 1970 1228 2011 his.
1295 1971 1513 2024 praeterea

315 2096 458 2128 II—IV.
486 2095 611 2130 Mala!⁴
640 2097 812 2128 168—171
841 2096 992 2131 Cedren.
1018 2096 1046 2127 P
1077 2098 1149 2129 133.

315 2199 335 2229 5
353 2198 526 2229 memoria
551 2197 647 2228 edidi
674 2198 735 2229 GB
776 2198 969 2229 memoriae
995 2197 1132 2229 tradidi
1151 2198 1190 2237 P,
1216 2197 1344 2237 scripsi
1367 2195 1511 2238 prodidi

226 2243 246 2273 9
272 2242 383 2274 soluti
404 2244 430 2273 G
471 2242 600 2274 solutis
620 2242 651 2273 B
746 2245 785 2275 18
804 2253 866 2284 per
892 2247 1035 2275 noctem
1061 2243 1139 2274 libr-i
1162 2248 1239 2283 post
1258 2241 1406 2283 aliique,
1425 2251 1511 2283 qnae

225 2288 328 2319 ver-ba
352 2298 398 2319 ecc
421 2298 516 2330 seqq.
533 2288 595 2319 leuc
620 2289 801 2329 irrepsisse
827 2289 976 2320 editor-es
1000 2298 1064 2320 non
1087 2288 1176 2329 [πρῖε
1260 2289 1303 2319 20
1322 2286 1465 2328 scopuli
1483 2287 1511 2318 G

226 2331 361 2374 scopul'
387 2332 419 2363 B
512 2334 554 2364 24
580 2332 614 2364 id
643 2333 670 2365 G
718 2333 813 2365 idem
839 2333 880 2366 Β.
