1621 2550
482 87 631 120 BELm
655 87 854 121 TROIANI
878 88 972 121 Lm.
998 89 1060 122 ιν.
1359 91 1414 134 83

50 174 69 239 ἶ
131 186 247 229 forat
282 201 331 229 ac
370 187 456 228 iam
494 186 731 242 fugientem
774 187 903 228 tertio
949 192 1199 230 consecutus
1238 191 1412 233 vulnere

133 256 210 298 per
238 245 466 297 utrumque
493 242 644 305 pedem
674 242 818 284 traicit
838 242 1151 298 fatigatumque
1181 244 1233 285 ad
1254 250 1412 299 postre-

134 313 252 341 mum
295 298 516 351 interficit,
562 298 719 352 quippe
757 297 953 340 Herculis
998 302 1185 362 armatus
1231 302 1413 364 sagittis,

137 369 245 410 quae
274 354 457 396 infectae
478 353 648 408 Hydrae
669 355 877 409 sanguine
899 355 1012 396 haud
1042 355 1133 397 sine
1165 357 1293 399 exitio
1324 372 1414 400 cor-

53 436 63 465 ·.
131 411 227 466 pori
244 410 508 508 &chamna
1429 427 1446 451 5

329 499 338 508 .
399 465 522 515 Quod
551 466 625 508 ubi
655 466 989 508 animadvertere
1029 467 1218 521 barbari,
1257 483 1413 524 magna

136 523 177 564 vi
206 522 387 576 irruunt,
418 522 580 577 eripere
602 522 892 564 Alexandrum
916 523 1153 577 cupientes:
1183 524 1411 579 multisque

134 593 308 621 suorum
337 579 573 620 interfectis
600 593 624 620 a
645 578 885 620 Philocteta
906 580 1128 634 negotium
1147 583 1291 621 tamen
1321 595 1412 634 per-

133 638 288 691 agunt,
341 638 468 698 atque
511 635 557 676 in
609 635 826 676 civitatem
872 639 1105 689 reportant.
1174 639 1265 678 tum
1303 637 1412 678 Aiax

133 691 405 733 Telamonius
449 691 664 732 insecutus
708 690 922 746 fugientes
967 692 1020 732 ad
1064 706 1196 746 usque
1246 695 1411 746 portam
1432 706 1462 730 10

130 747 284 802 pergit.
342 746 402 788 ibi
441 760 561 788 caesa
591 747 654 787 vis
687 747 821 788 multa
850 747 1050 800 hostium,
1082 762 1177 789 cum
1207 748 1412 790 festinan-

131 803 246 845 tibus
275 803 388 844 inter
416 817 460 844 se
500 806 543 844 et
580 802 760 866 singulis
799 802 974 844 evadere
1013 804 1126 844 inter
1155 804 1314 858 primos
1345 819 1412 846 cu-

131 859 347 914 pientibus
377 859 513 914 magis
552 859 597 900 in
628 859 720 913 ipso
752 858 868 900 aditu
899 859 1174 901 multitudine
1205 875 1280 902 sua
1310 860 1413 902 deti·

45 904 68 924 γ’
127 917 348 957 Ἁιιθιθιιὲιιι·
399 915 570 957 interim
591 915 716 956 multi
747 929 905 967 eorum,
928 916 1000 970 qui
1021 916 1147 970 primi
1178 921 1411 970 evaserant,

133 986 259 1026 super
295 986 439 1013 muros
469 972 540 1013 siti
570 971 749 1012 collecta
778 970 965 1026 undique
996 972 1280 1014 cuiuscemodi
1311 988 1411 1014 saxa
1432 986 1463 1010 15

132 1042 259 1082 super
288 1027 471 1082 clipeum
503 1028 645 1069 Aiacis
676 1027 882 1080 deiecere,
924 1032 1255 1083 congestamque
1286 1043 1412 1083 quam

130 1083 359 1138 plurimam
389 1087 545 1125 terram
575 1083 754 1138 desuper
784 1084 972 1137 volvere,
1004 1084 1163 1126 scilicet
1192 1084 1245 1125 ad
1275 1084 1413 1139 depel—

130 1139 303 1181 lendum
332 1139 519 1181 hostem:
550 1154 646 1181 cum
676 1154 803 1195 supra
823 1139 996 1181 modum
1027 1143 1276 1195 gravaretui
1297 1155 1412 1196 egre-

132 1196 228 1259 gius
265 1195 369 1250 dux,
415 1196 531 1237 facili
570 1199 688 1238 scuto
729 1196 945 1237 decutiens
990 1174 1103 1237 haud
1134 1197 1306 1252 segnius
1337 1198 1411 1238 im-

130 1266 304 1294 mmere.
355 1252 537 1306 denique
569 1252 809 1294 Philocteta
834 1266 918 1305 eos,
951 1253 1023 1306 qui
1055 1253 1100 1293 in
1121 1253 1252 1294 muris
1283 1253 1411 1294 locati
1430 1266 1462 1290 20

132 1312 270 1361 erant,
312 1309 476 1349 eminus
526 1309 692 1363 sagittis
738 1286 962 1362 proturbat
999 1309 1240 1363 multosque
1284 1309 1412 1350 inter—

130 1365 230 1406 ficit.
303 1379 441 1419 neque
487 1379 606 1406 secus
650 1365 702 1406 ab
748 1364 922 1419 reliquis
968 1364 1013 1405 in
1056 1368 1176 1419 parte
1220 1365 1303 1406 alia
1345 1380 1412 1407 res

130 1423 287 1476 gestae.
348 1423 474 1474 atque
513 1435 562 1462 eo
605 1421 671 1462 die
710 1421 849 1462 excisa
879 1435 1108 1475 eversaque
1138 1422 1307 1462 moenia
1336 1421 1411 1463 ho-

131 1477 260 1519 stium
289 1476 452 1530 forent,
493 1477 538 1518 ni
577 1492 663 1518 nox
701 1477 786 1518 iam
824 1477 1028 1533 ingruens
1066 1480 1235 1519 nostros
1265 1477 1318 1519 ab
1349 1477 1411 1519 in-

131 1535 254 1588 cepto
285 1533 558 1574 cohibuisset.
620 1533 694 1587 qui
731 1533 805 1574 ubi
844 1535 896 1574 ad
926 1547 1056 1574 naves
1086 1534 1266 1588 regressi
1298 1536 1409 1587 sunt,
1429 1544 1462 1570 2⁵

130 1589 231 1631 laeti
254 1588 519 1631 Philoctetae
549 1589 810 1631 facinoribus
839 1592 881 1630 et
909 1589 963 1631 ob
994 1589 1036 1630 id
1065 1590 1293 1631 maximam
1323 1590 1411 1631 ani-

130 1659 200 1686 mo
231 1645 428 1687 fiduciam
466 1648 701 1700 gestantes,
738 1660 903 1687 summo
941 1646 1088 1686 favore
1127 1659 1175 1687 ac
1215 1645 1410 1687 laudibus

130 1700 280 1743 ducem
310 1701 538 1743 celebrant.
591 1702 663 1756 qui
695 1701 820 1742 simul
850 1715 946 1743 cum
976 1701 1069 1742 luce
1090 1700 1300 1743 adiunctis
1331 1702 1411 1743 sibi

130 1757 304 1812 reliquis
342 1757 518 1799 ducibus
556 1758 602 1799 in
642 1757 852 1812 proelium
891 1770 1084 1812 egressus
1122 1757 1265 1799 hostes
1295 1761 1411 1799 metu

130 1814 196 1855 sui
225 1813 329 1855 adeo
360 1813 582 1867 deterruit,
623 1818 671 1856 ut
699 1814 770 1854 vix
801 1828 844 1855 se
874 1814 1097 1855 moenibus
1129 1813 1408 1855 defensarent.
1428 1825 1460 1850 30

243 1869 358 1912 XXI.
432 1869 608 1912 Interim
662 1869 971 1924 Neoptolemus
1029 1869 1141 1924 apud
1199 1870 1409 1911 tumulum

130 1926 324 1980 Achillis,
355 1929 581 1980 postquam
611 1927 657 1968 in
687 1929 902 1968 auctorem
923 1929 1124 1981 paternae
1156 1926 1292 1967 caedis
1321 1927 1411 1967 vin-

132 1981 318 2024 dicatum
349 1985 431 2035 est,
462 1983 633 2024 initium
664 1982 838 2038 lugendi
869 1983 1010 2037 sumit,
1042 1997 1127 2024 una
1159 1997 1253 2024 cum
1275 1982 1410 2024 Phoe-

220 2108 318 2140 xxl.
345 2107 460 2142 XXII.
485 2107 612 2140 Malal.
642 2109 716 2140 141.
745 2109 818 2140 142.

220 2220 241 2251 4
265 2220 425 2262 corporis
453 2220 480 2251 G
574 2222 611 2252 11
639 2220 762 2262 pergit
788 2220 816 2252 G
839 2220 985 2262 peragit
1010 2220 1042 2252 B
1068 2221 1214 2262 peregit
1244 2220 1276 2251 V
1371 2220 1410 2251 14

132 2267 331 2297 euaserunt
357 2263 402 2297 G¹
504 2265 544 2296 16
570 2265 737 2297 deiecere
765 2264 827 2297 GB
875 2265 1016 2297 deicere
1043 2265 1111 2297 PV
1211 2265 1253 2296 22
1286 2263 1410 2305 aliqua

134 2307 197 2341 GB
243 2308 320 2341 alia
350 2310 415 2342 VP
436 2310 480 2350 cf.
507 2311 561 2348 54,
583 2311 623 2342 16
648 2312 702 2349 55,
724 2312 764 2343 16
789 2311 842 2349 56,
861 2311 880 2341 2
907 2311 959 2350 77,
979 2311 1011 2344 8.

1155 2367 1205 2401 a*
