1621 2550
218 84 297 126 128

214 186 336 219 lumen
350 187 423 219 scil.
440 186 521 218 solis
537 187 697 226 ereptum
715 184 768 224 16,
785 185 825 216 15

215 231 290 263 lux.
341 230 437 262 lucis
481 229 662 271 principio
701 230 757 267 47,
785 230 824 260 13

238 276 294 316 59,
318 277 338 308 3
381 276 435 315 63,
460 275 504 306 26
545 275 598 314 73,
625 274 668 305 34
720 273 825 304 initio

239 321 294 361 89,
311 321 354 352 22
379 320 433 357 94,
452 320 495 351 23
521 328 601 350 cum
618 317 696 349 luce
719 317 826 350 simul

238 366 293 404 45,
312 365 334 396 4
357 365 412 403 59,
432 364 473 395 18
493 364 548 402 90,
562 364 603 395 31
621 361 727 394 simul
746 372 826 393 cum

239 409 322 441 luce
363 409 419 450 73,
444 409 466 439 4
495 407 550 446 80,
573 408 616 439 28
661 407 698 438 in
745 406 826 438 luce

240 452 331 485 belli
353 451 514 485 interfici
538 452 592 491 80,
613 453 654 483 10

217 541 339 583 Magis
392 541 430 572 in
484 550 567 572 suos
622 538 831 581 superbiam

243 595 415 618 exercere
445 585 501 623 85,
521 586 563 616 29
603 584 683 624 quis
713 584 831 625 magis

240 630 352 662 libido
382 629 673 669 desideriumque
706 628 745 659 in
778 628 830 660 fe-

241 675 350 716 mina,
379 683 487 715 quam
513 683 652 705 summa
676 672 831 704 militiae

243 720 389 761 potiora
429 718 552 750 forent
591 718 646 758 99,
670 718 713 749 25
759 727 832 749 non

241 763 444 796 Plisthenis
468 762 586 805 magis
605 772 713 803 quam
728 761 832 793 Atrei

243 808 461 840 dicebantur
500 809 532 848 3,
562 808 606 839 25
665 807 702 838 in
754 806 831 838 dies

243 852 362 894 magis
394 852 583 894 magisque
618 852 672 893 14,
704 852 745 884 31
771 852 828 891 22,

245 898 284 929 11
312 900 374 930 etc.

220 941 397 983 magister
409 950 545 973 morum
557 941 613 977 40,
633 941 652 972 7
671 949 714 971 ac
730 949 832 980 prae-

244 988 367 1027 ceptor
394 984 621 1027 conponendi
644 985 699 1024 41,
720 986 760 1016 17

221 1029 458 1072 magnificare
487 1029 736 1071 praesentiam
762 1028 833 1069 dei,

245 1076 398 1107 revereri
421 1074 476 1115 36,
500 1075 539 1106 19

223 1118 417 1162 magnifice
443 1119 624 1151 transiere
653 1119 726 1151 scil.
754 1122 835 1150 tem-

244 1175 308 1206 pus
332 1165 363 1203 4,
390 1165 409 1195 2
437 1173 499 1195 eos
524 1163 684 1196 habuere
710 1164 742 1201 4,
769 1163 788 1194 8

222 1209 364 1251 magnis
391 1208 561 1250 precibus
585 1209 641 1248 29,
660 1209 703 1240 30

222 1253 259 1285 in
273 1253 391 1285 maius
407 1253 506 1284 fama
518 1252 731 1294 divulgatur
743 1254 776 1289 4,
792 1253 833 1284 27

245 1298 384 1330 maiora
408 1297 548 1329 viribus
575 1298 628 1338 19,
651 1299 670 1329 6

222 1342 316 1374 male
353 1352 533 1384 prospera
571 1341 731 1383 eruptio,
773 1342 835 1373 ad-

245 1397 346 1419 versa
375 1388 431 1426 45,
449 1387 492 1418 26
524 1386 617 1418 male
651 1385 834 1428 desipiens

246 1433 301 1471 85,
328 1433 369 1464 13

224 1476 320 1509 malo
358 1475 533 1515 omnium,
573 1476 620 1507 ad
651 1476 837 1516 perniciem

247 1521 386 1554 omnium
409 1521 464 1560 67,
483 1520 526 1551 26

224 1565 414 1605 mandare,
455 1566 613 1597 indicare
644 1565 698 1605 53,
724 1566 743 1596 2
785 1565 838 1596 ita

247 1610 293 1642 ab
325 1610 598 1652 Agamemnone
630 1609 839 1641 mandatum

248 1657 473 1697 acceperant
500 1656 552 1694 14,
571 1656 592 1686 4
623 1664 704 1686 cum
736 1664 840 1686 man·

248 1700 346 1732 datis
372 1700 518 1731 mittere
544 1700 597 1738 76,
618 1700 658 1731 19

225 1747 377 1777 manent
400 1754 455 1776 me
482 1744 599 1775 fastus
624 1744 680 1782 69,
701 1745 740 1775 11

226 1799 336 1821 manu
372 1788 543 1820 iniuriam
578 1788 839 1820 vindicandam

249 1834 320 1866 rati
346 1834 461 1875 18,16
492 1832 610 1865 libelli
642 1834 679 1864 in
711 1843 839 1865 manus

250 1879 355 1911 nobis
381 1878 534 1910 veniunt
553 1879 583 1918 1,
605 1878 645 1909 14
670 1878 725 1910 uti
744 1879 839 1920 quis-

249 1933 317 1965 que
344 1923 382 1955 in
400 1932 527 1954 manus
550 1927 704 1955 venerat
723 1924 776 1963 18,
796 1923 838 1954 28

251 1969 311 2010 qui
336 1968 373 1999 in
398 1977 525 1999 manus
551 1970 729 1999 venerant
746 1968 801 2008 97,
818 1970 838 2000 9

249 2014 288 2044 in
312 2022 441 2044 manus
467 2011 655 2044 Diomedis
689 2012 839 2044 devenit

249 2058 304 2097 42,
332 2058 374 2090 23
407 2056 454 2089 ad
493 2067 621 2089 manus
655 2061 842 2090 certamen

250 2105 483 2144 processerat
507 2104 563 2142 33,
582 2103 624 2133 27
650 2102 687 2134 in
713 2112 841 2134 manus

249 2150 397 2179 ventum
424 2150 480 2178 est
505 2147 559 2186 38,
578 2148 620 2178 29
646 2147 711 2178 sub
740 2147 841 2179 cuius

250 2192 419 2223 manibus
444 2191 590 2223 excindi
608 2192 755 2223 Troiam
781 2191 840 2224 de-

251 2239 348 2269 ceret
372 2238 426 2275 80,
448 2238 488 2268 14
514 2235 648 2268 bellum
674 2237 710 2267 in
728 2237 841 2268 mani-

251 2281 318 2314 bus
345 2284 401 2313 est
425 2283 479 2321 99,
504 2281 523 2313 8

601 84 754 117 INDEX
781 83 1102 116 LATINITATIS.

895 194 993 216 mare
1019 183 1182 216 ablativus
1208 184 1282 222 108,
1306 184 1326 214 2
1359 184 1436 224 109,
1462 183 1504 214 14

895 228 1176 267 matrimonium,
1208 229 1357 260 coniunx·
1381 228 1436 267 34,
1461 227 1504 258 24

918 273 956 304 in
1002 271 1266 304 matrimonium
1319 270 1502 303 deducere

918 317 972 357 55,
991 318 1011 349 9
1036 317 1268 348 matrimonio
1293 316 1363 348 sibi
1380 315 1506 347 adiun-

919 371 1005 403 gere
1031 363 1085 402 84,
1104 363 1146 394 29

896 406 1069 446 maxime,
1095 407 1282 446 lonqissz’me
1307 406 1363 446 61,
1386 405 1424 436 12

899 450 1036 481 meavit
1059 450 1176 492 Argos
1201 451 1255 485 35,
1275 451 1294 481 5

899 494 1038 526 mederi
1061 494 1211 526 absolute
1236 496 1290 532 23,
1309 494 1353 526 34
1387 492 1512 526 adver-

923 548 983 570 sus
1008 548 1151 571 venena
1175 539 1231 579 26,
1251 539 1294 571 35

900 583 1084 615 medicina
1109 593 1168 614 ars
1193 584 1248 624 11,
1267 584 1287 614 9

901 638 972 660 non
1001 627 1234 660 mediocriter
1258 627 1379 659 laetus
1395 627 1452 663 80,
1470 627 1513 659 25

901 671 1040 704 medius
1058 672 1209 705 adstans
1233 673 1287 711 30,
1305 673 1347 704 27
1373 670 1514 703 medius

923 717 1023 749 inter
1046 718 1162 757 49,17
1200 716 1357 748 medium
1394 725 1430 748 se
1463 715 1516 748 lo·

925 771 1008 793 care
1050 763 1104 802 81,
1131 763 1171 793 12
1212 761 1332 793 medio
1372 759 1516 792 itineris

924 807 978 847 84,
1010 807 1029 838 7
1079 807 1196 847 campi
1232 807 1286 844 94,
1314 806 1357 838 28
1405 803 1517 837 medii

925 860 1070 882 suorum
1102 852 1156 887 54,
1182 852 1222 883 16
1262 849 1400 882 medios
1441 851 1516 880 sta-

924 898 1027 926 tuere
1053 896 1107 935 29,
1129 897 1169 926 19
1195 894 1378 926 collocare
1398 894 1452 934 70,
1468 895 1511 926 30

924 940 962 970 in
986 939 1124 971 medios
1141 939 1277 970 inferre
1295 939 1351 979 29,
1369 940 1411 971 33
1436 947 1517 980 pro-

927 983 1030 1026 gredi
1053 984 1091 1015 in
1116 983 1236 1016 medio
1262 985 1318 1024 55,
1336 985 1358 1015 4
1382 983 1420 1015 in
1444 992 1516 1015 me-

927 1029 986 1060 dio
1012 1028 1135 1061 locare
1162 1030 1215 1069 54,
1233 1029 1252 1060 5

903 1073 940 1104 in
971 1072 1101 1105 melius
1131 1077 1274 1106 mutare
1306 1073 1360 1112 67,
1380 1073 1399 1105 7
1433 1081 1517 1104 con-

926 1122 1068 1149 vertere
1094 1120 1147 1158 79,
1177 1120 1217 1151 15

903 1172 1117 1204 memorare,
1167 1164 1344 1205 appellare
1393 1163 1448 1206 79,
1475 1162 1517 1193 22

927 1207 1180 1239 memorandus
1206 1208 1277 1239 dux
1301 1207 1356 1246 81,
1383 1208 1403 1238 9

903 1253 1075 1284 memoria
1107 1257 1295 1294 repetere,
1328 1251 1518 1283 memoriter

928 1298 982 1336 55,
1008 1298 1028 1328 8

905 1345 1024 1373 metus
1054 1350 1214 1373 summae
1246 1351 1366 1373 rerum
1398 1341 1452 1380 75,
1475 1341 1518 1373 20

927 1396 992 1428 pro
1028 1388 1129 1417 metu
1170 1395 1233 1417 suo
1266 1386 1318 1425 18,
1342 1387 1385 1418 23
1421 1389 1520 1417 metu

930 1431 986 1462 sui
1010 1431 1064 1469 83,
1091 1431 1133 1462 29

906 1475 1041 1506 militia
1064 1474 1271 1507 inconsulta
1288 1475 1343 1511 46,
1363 1475 1404 1507 13
1428 1483 1517 1515 opes

929 1519 1084 1551 militiae
1109 1521 1163 1559 46,
1181 1521 1224 1552 25
1256 1519 1426 1551 militiam
1457 1518 1520 1550 ad-

931 1574 1078 1597 versum
1131 1565 1288 1606 aliquem
1349 1573 1520 1596 recusare

931 1610 986 1649 21,
1013 1610 1032 1641 7

909 1654 1077 1686 ministra
1124 1656 1161 1685 et
1206 1653 1323 1686 veluti
1373 1651 1520 1686 officina

931 1698 1022 1731 belli
1047 1699 1101 1739 27,
1128 1699 1171 1730 20

909 1743 1087 1775 mirabilis
1113 1747 1190 1775 arte
1216 1745 1273 1783 52,
1298 1745 1318 1775 3

908 1787 1073 1820 miranda
1099 1787 1237 1819 referre
1265 1789 1340 1827 104,
1366 1788 1408 1819 31

908 1833 1054 1865 misceri
1086 1833 1182 1864 inter
1213 1843 1271 1872 se,
1301 1841 1522 1865 consuescere

930 1888 1001 1909 eum
1049 1879 1160 1920 aliquo
1209 1879 1264 1918 51,
1298 1878 1338 1909 17
1386 1877 1521 1908 mixtus

931 1921 1084 1954 Graecis
1109 1923 1162 1962 51,
1184 1923 1204 1954 5
1238 1921 1398 1954 concilio
1423 1922 1478 1960 82,
1502 1921 1522 1953 7

907 1967 1113 2000 miserabile
1140 1970 1259 1999 tectus
1283 1970 1385 1999 veste
1407 1967 1462 2005 63,
1480 1966 1523 1998 27

930 2011 1150 2045 miserabilis
1168 2012 1274 2044 fletus
1292 2012 1348 2052 68,
1367 2012 1387 2043 6
1411 2011 1465 2050 88,
1480 2011 1523 2043 33

912 2101 1156 2133 miserandum
1187 2102 1225 2133 in
1256 2101 1398 2133 modum
1428 2100 1484 2140 38,
1503 2100 1523 2132 6

933 2148 989 2185 47,
1008 2148 1050 2179 33
1076 2148 1130 2186 76,
1152 2148 1192 2178 10
1217 2147 1272 2186 97,
1299 2148 1319 2179 3

911 2192 1146 2223 miseratione
1172 2190 1308 2223 aetatis
1333 2192 1365 2230 3,
1389 2191 1433 2222 28

911 2237 1075 2268 miserati
1101 2236 1267 2267 fortunas
1295 2237 1370 2277 110,
1390 2237 1430 2267 31

911 2280 1166 2313 modo—nunc
1193 2281 1246 2319 58,
1272 2281 1315 2312 ‘20
