1621 2550
201 79 257 120 20
610 80 786 114 DICTYS
813 81 1081 115 CRETENSIS

315 179 390 221 IV.
450 179 624 233 Iamque
664 180 746 221 diei
786 181 1036 235 plerumque
1073 184 1356 236 processerat,
1390 197 1487 225 cum

203 237 382 290 utraque
413 235 501 276 acie
540 236 706 276 intenta
742 237 954 290 proelium
983 237 1074 278 sine
1106 237 1193 278 ulla
1221 238 1367 292 requie
1397 238 1488 294 iugi

203 291 432 333 certamine
464 305 512 332 ac
552 293 721 332 strenue
752 292 975 333 adversum
1006 307 1048 334 se
1080 293 1255 334 ducibus
1290 293 1488 349 fatigare-

203 350 285 388 tur.
345 361 528 400 namque
566 350 736 389 nostros
772 348 1004 389 multorum
1045 348 1206 390 dierum
1237 350 1410 404 navigio
1442 350 1487 392 111

154 416 170 441 5
206 403 471 456 aliquantum
492 403 719 444 exhaustos
749 404 930 444 maxime
951 405 1192 457 praesentia
1211 405 1389 460 Telephi
1420 406 1486 447 de-

204 459 459 500 bilitaverat.
535 459 571 499 is
615 473 799 512 namque
843 459 1026 500 Hercule
1069 461 1240 514 genitus
1288 475 1488 515 procerus

204 529 381 569 corpore
412 529 460 555 ac
489 514 655 567 pollens
685 515 866 567 viribus,
898 514 1050 555 divinis
1080 516 1229 569 patriis
1260 517 1489 560 virtutibus

202 572 420 625 propriam
450 570 631 624 gloriam
652 570 1010 624 aequiparaverat.
1072 571 1204 626 igitur
1233 572 1489 615 adventante

202 630 328 667 nocte
375 626 538 667 cunctis
584 626 851 680 cupientibus
895 626 1062 680 requies
1107 627 1208 668 belli
1256 628 1389 669 facta:
1440 642 1490 670 ac

154 695 186 719 10
204 682 340 723 Moesi
371 681 422 722 ad
453 696 496 722 se
528 681 721 736 domum,
758 683 894 724 nostri
933 682 986 723 ad
1021 697 1151 724 naves
1182 683 1489 738 digrediuntur.

205 740 390 780 ceterum
427 737 473 778 in
512 752 561 779 ea
599 752 746 793 pugna
787 739 1008 792 utriusque
1040 739 1246 780 exercitus
1276 740 1490 782 interfecti

204 794 330 835 multi
360 793 573 848 mortales,
605 794 676 835 sed
708 798 749 835 et
779 795 990 835 vulnerati
1020 809 1117 848 pars
1138 795 1341 836 maxima:
1372 810 1491 849 pror-

204 865 274 891 sus
304 849 424 891 nullo
454 852 528 891 aut
557 851 779 904 perpaucis
819 850 935 891 clade
973 850 1075 891 belli
1113 851 1202 892 eius
1233 852 1488 905 expertibus.

205 905 302 947 dein
334 908 478 946 secuta
503 905 568 946 die
599 906 729 960 legati
760 906 942 947 invicem
964 905 1013 947 de
1045 906 1309 960 sepeliendis,
1341 907 1414 961 qui
1445 908 1491 949 in

156 973 188 998 15
206 961 319 1002 bello
352 961 601 1015 ceciderant,
627 962 875 1003 mittuntur:
907 964 1033 1016 atque
1063 962 1123 1003 ita
1153 962 1334 1004 induciis
1364 963 1493 1004 inter-

205 1017 357 1072 positis
371 1016 549 1058 collecta
567 1031 746 1071 corpora
763 1021 889 1072 atque
907 1018 999 1073 igni
1016 1021 1201 1059 cremata
1215 1018 1490 1073 sepeliuntur.

317 1072 369 1114 V.
430 1073 608 1114 Interim
639 1073 910 1128 Tlepolemus
941 1077 983 1115 et
1012 1088 1107 1115 cum
1138 1074 1269 1116 fratre
1297 1075 1491 1129 Antipho

204 1129 463 1184 Phidippus,
495 1144 600 1183 quos
639 1129 844 1171 Thessalo
884 1130 1052 1184 genitos
1089 1133 1267 1184 nepotes
1296 1130 1493 1172 Herculis

205 1200 333 1239 supra
362 1186 711 1240 memoravimus,
743 1187 916 1241 cognito
948 1185 1183 1240 Telephum
1213 1187 1259 1227 in
1290 1186 1356 1227 his
1387 1187 1492 1228 locis

154 1254 189 1278 20
205 1241 449 1295 imperitare
479 1241 633 1283 fiducia
655 1242 923 1297 cognationis
944 1242 997 1283 ad
1028 1256 1123 1283 eum
1145 1242 1325 1284 veniunt
1355 1243 1490 1297 eique,

206 1298 381 1351 quinam
413 1302 553 1339 essent
583 1300 625 1339 et
656 1299 906 1351 quibuscum
941 1298 1236 1352 navigassent,
1277 1312 1492 1352 aperuere.

205 1353 303 1394 dein
332 1354 467 1395 multa
497 1354 680 1395 invicem
719 1356 972 1407 consumpta
1011 1353 1204 1394 oratione
1244 1353 1296 1394 ad
1333 1357 1494 1408 postre-

204 1423 322 1450 mum
351 1411 488 1451 nostri
519 1410 656 1451 acrius
686 1410 892 1463 incusare,
925 1409 1039 1463 quod
1067 1412 1155 1450 tam
1178 1409 1393 1451 hostiliter
1423 1410 1492 1452 ad-

205 1480 373 1506 versum
405 1481 502 1508 suos
532 1468 783 1507 versaretur.
834 1467 1203 1520 Agamemnonem
1238 1480 1423 1520 namque
1453 1469 1495 1508 et

155 1534 187 1558 2⁵
206 1520 447 1562 Menelaum
459 1522 698 1576 Pelopidas,
714 1537 803 1563 non
820 1521 980 1563 alienos
997 1522 1164 1576 generis
1181 1521 1246 1562 sui
1264 1536 1360 1563 eum
1379 1536 1496 1564 exer—

206 1578 337 1618 citum
368 1579 639 1620 contraxisse.
700 1578 796 1619 dein
828 1592 934 1632 quae
966 1576 1076 1619 circa
1106 1577 1278 1619 domum
1310 1577 1495 1619 Menelai

206 1633 258 1674 ab
288 1633 532 1676 Alexandro
574 1634 798 1675 commissa
839 1636 979 1675 essent
1015 1636 1268 1687 raptumque
1300 1633 1490 1675 Helenae

206 1689 378 1731 docent:
402 1693 527 1744 atque
550 1689 694 1731 decere
717 1704 811 1730 eum
834 1704 929 1730 cum
950 1694 1126 1743 propter
1146 1689 1492 1743 consanguinita-

205 1749 291 1786 tem
312 1748 402 1786 tum
420 1747 645 1800 praecipue
664 1746 717 1787 ob
738 1745 873 1786 scelus
890 1745 1038 1785 violati
1055 1745 1292 1786 communis
1314 1745 1490 1799 hospitii

155 1815 187 1839 30
207 1802 378 1843 Graecis
408 1802 520 1844 ultro
550 1802 660 1843 ferre
683 1802 899 1854 auxilium,
931 1801 975 1841 in
1007 1815 1187 1854 quorum
1219 1801 1400 1856 gratiam
1432 1802 1493 1856 ip-

206 1858 292 1899 sius
324 1858 451 1899 etiam
472 1858 669 1900 Herculis
690 1858 873 1911 plurima
904 1857 1097 1899 laborum
1120 1861 1398 1898 monumenta
1419 1872 1494 1911 per

206 1917 341 1955 totam
363 1915 583 1956 Graeciam
606 1914 796 1955 existere.
847 1913 899 1954 ad
921 1927 969 1954 ea
989 1912 1214 1966 Telephus,
1247 1913 1326 1954 etsi
1347 1913 1493 1955 dolore

206 1970 393 2011 vulneris
431 1971 642 2013 inmodice
682 1970 984 2020 afflictabatur,
1026 1969 1209 2023 benigne
1249 1972 1392 2011 tamen
1431 1984 1492 2011 re-

297 2076 316 2107 3
342 2074 502 2106 strenuis
533 2074 566 2104 V
619 2075 660 2105 ln
692 2074 745 2105 ecl.
777 2072 855 2107 Obr.
887 2073 1026 2113 legitur:
1059 2071 1197 2113 proelio
1224 2072 1302 2103 sine
1335 2071 1412 2104 ulla
1438 2082 1491 2104 re-

208 2119 290 2160 quie
322 2130 365 2150 ac
396 2119 472 2160 iugi
505 2118 702 2150 certamine
734 2118 896 2149 strenuis
928 2121 1000 2149 etc.
1031 2128 1073 2148 an
1104 2117 1314 2148 scribendum
1347 2121 1494 2149 strenue
1552 2122 1558 2126 ‘
1607 2122 1609 2158 ’,

209 2164 490 2195 aduersantibus
510 2163 688 2195 ducibus?
782 2163 802 2194 8
828 2162 1134 2203 aequiparauerat
1161 2161 1205 2193 G¹
1246 2162 1432 2204 aequiper.
1453 2161 1497 2194 G²

210 2210 250 2241 15
277 2208 515 2241 caeciderant
541 2208 568 2240 G
662 2208 703 2240 18
728 2206 886 2250 fidippus
913 2206 974 2239 GB
1065 2208 1108 2238 25
1133 2207 1261 2248 generi
1288 2206 1329 2238 G¹
1384 2216 1495 2248 gene—

208 2254 257 2285 ris
284 2252 327 2285 G²
397 2254 439 2285 28
465 2253 753 2294 sanguinitatem
781 2253 808 2285 G
884 2253 926 2285 32
952 2250 1116 2284 Gratiam
1143 2251 1170 2283 G
1217 2250 1411 2294 thelephus
1431 2251 1493 2284 GB

208 2299 260 2331 leic
286 2303 319 2330 ec
342 2300 536 2340 saepissime
586 2298 656 2330 etsi
681 2298 780 2330 cedd.
808 2298 1008 2336 deteriores,
1036 2300 1072 2328 et
1100 2296 1137 2329 G.
