1621 2550
207 57 262 98 54
616 54 789 90 DICTYS
815 56 1081 89 CRETENSIS

207 157 274 220 pis
303 156 558 210 productum
597 154 816 196 ordinant:
855 169 993 209 neque
1031 170 1080 197 ea
1117 171 1142 197 a
1171 155 1368 197 Troianis
1397 171 1487 212 seg-

207 212 304 253 nius
334 212 582 266 agebant-ur.
632 211 764 265 igitur
783 211 856 251 ubi
885 211 1097 265 utrimque
1127 212 1236 253 insti
1240 215 1358 253 110130
1378 213 1487 254 30108
1534 212 1538 215 ⁴

209 267 435 309 advorsum
465 280 706 320 processere
738 269 863 320 atque
894 267 1007 308 intra
1035 267 1111 308 teli
1132 267 1288 308 iactum
1310 271 1486 309 ventum

209 326 284 376 est,
306 322 520 364 cohortati
545 336 643 363 suos
667 322 845 376 quisque
862 337 1012 363 manus
1037 327 1266 364 conserunt
1288 324 1333 364 in
1348 323 1487 364 medio

175 391 191 416 5
208 379 358 420 locatis
389 378 602 431 equitibus
623 381 666 419 et
695 379 749 418 ob
779 378 822 418 id
842 378 989 430 primis
1010 379 1261 433 congressis.
1311 382 1488 433 tumque

208 435 394 488 primum
432 447 551 488 reges
590 434 727 474 nostri
765 436 890 486 atque
929 433 1116 473 hostium
1147 434 1329 475 ascensis
1360 435 1488 475 curri-

207 491 285 531 bus
314 468 504 531 bellumo
511 490 662 530 ineunt
704 488 864 529 adscito
911 488 991 529 sibi
1031 489 1209 551 quisque
1247 490 1395 544 auriga
1436 489 1489 531 ad

207 546 416 601 regendos
447 559 591 598 equos.
650 544 722 585 sed
751 544 913 598 primus
944 545 1136 585 omnium
1164 524 1393 586 Diomedes
1423 546 1487 586 in-

208 604 354 642 vectus
399 600 677 654 Pyraechmen
721 613 865 654 regem
911 599 1128 641 Paeonum
1181 600 1304 641 hasta
1349 600 1490 642 fronte

159 669 191 694 10
209 657 341 698 ictum
371 656 592 709 interficit,
625 656 722 696 dein
752 659 934 708 ceteros,
967 670 1072 709 quos
1104 657 1157 697 ob
1186 657 1384 697 virtutem
1417 671 1491 698 rex

208 726 350 754 secum
381 712 607 766 stipatores
637 712 842 753 habuerat
884 712 1163 766 conglobatos
1201 712 1314 753 inter
1352 727 1394 753 se
1427 716 1486 753 31-

209 783 290 822 que
320 782 444 809 ausos
472 768 665 809 resistere
704 768 859 821 partim
889 767 974 809 13010
1004 768 1167 808 0111111118
1196 767 1350 820 fundit,
1382 768 1488 809 alios

209 839 333 865 curru
371 838 446 877 per
483 824 644 865 medios
682 823 850 864 concito
881 823 1000 863 humi
1040 824 1208 876 opterit.
1270 824 1367 864 dein
1397 823 1491 864 Ido-

208 893 383 920 meneus
413 879 606 920 adhibito
638 879 756 933 equis
786 878 977 920 Merione
1006 880 1243 920 Acamanta
1279 879 1491 920 Thracum

161 946 192 972 15
210 949 354 989 regem
382 935 521 988 deicit,
552 935 777 989 ruentique
807 935 893 976 telo
916 935 1098 976 occurrit
1125 938 1252 988 atque
1283 935 1344 976 ita
1362 935 1492 976 inter·

207 991 309 1032 ficit.
376 990 449 1032 sed
485 991 559 1032 ubi
595 990 756 1032 Hector
801 991 906 1031 situs
944 991 989 1031 in
1033 993 1153 1043 parte
1192 990 1275 1031 alia
1329 991 1491 1032 medios

209 1061 381 1088 suorum
419 1046 542 1088 fundi
579 1047 752 1100 accipit,
797 1046 1012 1100 dispositis
1058 1047 1159 1087 satis
1197 1047 1380 1088 strenuis
1418 1046 1491 1088 ubi

207 1103 428 1157 pugnabat
480 1103 664 1144 accurrit
706 1102 864 1144 auxilio
925 1102 1217 1143 laborantibus
1282 1102 1490 1144 Glaucum

211 1172 353 1199 secum
374 1172 422 1199 ac
442 1158 715 1213 Deiphobum
737 1161 780 1200 et
799 1158 1108 1212 Polydamanta
1128 1158 1301 1199 habens.
1352 1172 1490 1213 neque

159 1225 191 1250 20
210 1213 404 1267 dubium,
444 1215 549 1268 quin
587 1214 725 1256 deleta
769 1229 794 1255 a
831 1214 1056 1268 praedictis
1092 1214 1263 1268 regibus
1309 1228 1359 1255 03
1394 1229 1491 1267 pars

208 1270 398 1311 hostium
437 1270 568 1323 foret,
606 1271 650 1311 ni
690 1270 876 1311 adventu
922 1283 998 1310 suo
1037 1269 1198 1310 Hector
1235 1272 1490 1324 nostrosque

209 1325 385 1366 ulterius
422 1325 622 1380 progredi
670 1340 717 1366 ac
763 1339 861 1366 suos
898 1325 1046 1379 fugere
1093 1324 1365 1367 cohibuisset.
1433 1326 1493 1366 ita

211 1381 361 1422 Graeci
405 1381 613 1435 prohibiti
658 1381 782 1423 caede
826 1381 1087 1435 reliquorum
1124 1395 1316 1435 represso
1355 1380 1489 1436 gradu

210 1437 436 1478 advorsum
467 1451 558 1491 eos,
591 1438 663 1491 qui
695 1439 1046 1491 supervenerant,
1079 1437 1318 1479 constitere.

159 1503 191 1528 25
323 1493 376 1534 V.
437 1494 500 1534 Ac
530 1508 629 1534 mox
667 1493 840 1548 cognito
879 1508 956 1547 per
985 1493 1231 1534 universum
1262 1493 1491 1535 exercitum

209 1549 374 1611 proelio
414 1550 459 1590 in
499 1564 546 1590 ea
592 1528 745 1603 parte0
758 1549 911 1603 reliqui
950 1549 1075 1590 duces
1113 1549 1373 1590 confirmatis
1416 1550 1490 1590 ubi

211 1605 389 1658 quisque
419 1608 688 1668 pugnaverat
707 1605 894 1658 undique
926 1619 975 1646 00
1007 1605 1239 1646 0011111111111.
1291 1605 1493 1646 densatur

210 1660 424 1714 utrimque
463 1660 572 1702 acies
614 1664 656 1702 et
691 1661 902 1714 proelium
941 1663 1192 1701 renovatum
1224 1663 1300 1701 est.
1360 1661 1494 1716 igitur

209 1715 371 1757 Hector
410 1716 483 1757 ubi
512 1716 719 1770 plurimos
759 1731 932 1758 suorum
970 1715 1115 1757 adesse
1146 1718 1188 1757 et
1218 1716 1321 1757 satis
1350 1719 1493 1758 tutum

158 1782 191 1807 30
210 1786 254 1813 80
292 1772 524 1827 intellegit,
563 1773 678 1814 tollit
715 1772 893 1814 animos.
961 1771 1059 1812 dein
1106 1772 1289 1813 clamore
1334 1786 1491 1828 magno

211 1827 404 1882 singulos
442 1843 615 1870 suorum
654 1828 826 1869 nomine
863 1828 1081 1882 appellans
1127 1828 1409 1870 confidentius
1447 1843 1493 1869 111

210 1883 377 1925 hostem
397 1897 588 1939 pugnare
610 1884 827 1925 hortatur:
860 1898 908 1925 30
935 1897 1183 1947 progiessus
1214 1884 1328 1925 intra
1358 1884 1492 1926 aciem

210 1939 370 1981 Dioren
403 1943 445 1981 et
475 1940 739 1994 Polyxenum
770 1940 892 1981 Alios
933 1939 1034 1981 satis
1077 1940 1257 1994 impigre
1295 1953 1491 1995 pugnan-

209 1998 272 2036 tes
312 1996 519 2037 vulnerat.
589 2000 631 2037 31
671 1996 742 2037 11111
780 2010 876 2037 011111
916 1995 1105 2037 Αο1111108
1146 1996 1204 2037 113
1243 1997 1288 2037 111
1325 1996 1492 2038 hostem

299 2133 319 2163 9
339 2132 558 2173 pyrhcchum
582 2133 608 2164 G
641 2132 834 2174 pyrathum
851 2132 882 2163 B
899 2133 1093 2172 iampridem
1117 2142 1207 2164 corr.
1224 2132 1228 2173 ζ
1245 2133 1414 2173 peanium
1431 2131 1493 2163 GB

210 2177 402 2217 paeonium
429 2177 461 2208 P
505 2177 689 2209 Paeonum
714 2179 861 2209 reseiluit
880 2177 1060 2210 Mer-cerus
1134 2178 1173 2208 14
1199 2176 1404 2218 Agamanta
1430 2175 1494 2209 GB

209 2222 252 2253 26
278 2221 482 2253 confirmati
517 2222 578 2253 ΟΒ
642 2221 862 2255 confirmatis
905 2223 1118 2255 coniecerunt
1161 2221 1325 2253 Bartleius
1371 2222 1494 2264 aliique

209 2267 252 2297 30
278 2276 407 2308 magna
437 2265 484 2298 G¹
