1621 2550
472 101 621 134 manu
645 99 845 135 TROIANI
870 97 963 130 121ss.
989 98 1036 130 11.
1343 98 1397 139 29

111 201 277 243 affatim
296 200 619 255 praebebantur.
670 199 822 241 dehinc
843 198 1104 240 frumentum
1132 212 1208 252 per
1227 213 1396 241 omnem

113 257 347 299 exercitum
366 256 499 297 totius
529 256 631 297 anni
652 255 867 310 pollicitus
888 269 1017 296 naves
1045 254 1271 307 onerarias,
1294 269 1396 308 quas

114 313 170 355 ob
214 311 257 354 id
301 311 411 352 Aiax
462 325 603 353 secum
647 311 870 361 habuerat,
918 311 1072 365 replet:
1123 309 1267 351 multis
1306 325 1396 352 exe-

113 367 375 410 crationibus
434 367 665 409 amicitiam
719 366 881 408 Priami
938 365 1160 408 adversum
1214 365 1397 407 Graecos

113 437 298 466 renuens
327 424 373 464 in
402 423 518 477 pacis
538 423 663 464 fidem
694 427 886 477 receptus
917 425 993 464 est.
1052 422 1118 463 his
1153 422 1257 463 actis
1287 422 1396 462 Aiax

115 480 197 522 iter
225 479 278 521 ad
298 479 491 534 Phrygas
522 480 734 521 convertit
764 483 1060 535 ingressusque
1085 492 1231 519 eorum
1261 478 1396 533 regio-

113 549 212 577 nem
249 535 555 577 Teuthrantem
597 535 815 577 dominum
854 535 1044 577 locorum
1083 533 1272 575 solitario
1312 547 1396 575 cer-

111 591 272 634 tamine
315 591 515 633 interficit
566 605 613 633 ac
666 594 762 645 post
812 605 968 645 paucos
1018 590 1105 632 dies
1156 593 1395 644 expugnata

114 650 242 701 atque
272 647 444 689 incensa
474 647 645 688 civitate
682 661 882 702 magnam
920 647 1007 688 vim
1042 645 1221 700 praedae
1252 645 1395 697 trahit,

112 703 324 745 abducens
355 702 618 744 Tecmessam
656 702 786 744 filiam
817 703 941 757 regis.

225 757 340 800 XIX.
400 757 538 814 Igitur
567 759 691 800 ambo
731 757 856 800 duces
890 758 1034 799 multis
1066 758 1240 799 vastatis
1270 759 1396 811 atque

114 815 369 870 expugnatis
399 814 646 870 regionibus
685 814 766 868 ipsi
800 814 901 856 clari
933 819 1058 868 atque
1089 813 1305 869 magnifici
1336 814 1397 854 in-

96 870 231 925 genti
269 870 461 923 nomine,
503 884 578 924 per
617 870 781 912 diversa
819 871 910 912 loca
950 870 1069 924 quasi
1108 869 1158 911 de
1189 869 1396 911 industria

111 925 261 968 eodem
300 929 490 980 tempore
528 926 579 967 ad
619 927 848 968 exercitum
884 940 1135 968 remeavere.
1194 925 1291 967 dein
1322 940 1396 979 per

111 996 342 1037 praecones
379 982 598 1024 conductis
637 983 681 1024 in
720 997 853 1024 unum
892 983 1054 1024 cunctis
1085 981 1292 1023 militibus
1323 981 1395 1022 du·

111 1038 315 1093 cibusque
354 1039 568 1094 progressi
608 1039 652 1080 in
691 1038 875 1080 medium
915 1038 1074 1093 singuli
1111 1038 1307 1079 laborum
1337 1041 1397 1078 at-

113 1108 194 1148 que
225 1093 458 1136 industriae
489 1094 741 1136 documenta
772 1095 816 1135 in
847 1098 1077 1148 conspectu
1109 1094 1297 1135 omnium
1330 1107 1396 1134 ex-

111 1164 303 1205 posuere.
364 1164 471 1204 quae
502 1151 574 1192 ubi
605 1150 755 1192 Graeci
786 1149 1022 1202 advertere,
1054 1150 1199 1191 favore
1230 1150 1395 1204 ingenti

111 1219 160 1247 ac
189 1205 384 1247 laudibus
415 1220 486 1248 eos
508 1207 721 1261 prosecuti
743 1206 987 1260 mediosque
1009 1208 1243 1247 statuentes
1267 1206 1395 1246 ramis

111 1262 230 1304 oleae
251 1276 520 1304 coronavere.
562 1262 660 1304 dein
683 1263 907 1304 consilium
930 1263 980 1304 de
1002 1261 1226 1303 dividenda
1241 1261 1395 1316 praeda

112 1317 260 1359 haberi
290 1322 488 1372 coeptum
512 1318 694 1361 Nestore
725 1322 766 1360 et
796 1318 1023 1360 Idomeneo
1055 1318 1101 1359 in
1131 1317 1394 1359 decernendo

111 1374 285 1428 optimis
316 1375 571 1416 auctoribus.
641 1376 784 1429 itaque
823 1378 1073 1416 cunctorum
1103 1374 1315 1416 sententia
1345 1388 1395 1415 ex

111 1429 229 1471 omni
258 1430 427 1484 praeda,
459 1445 586 1485 quam
616 1430 805 1472 Achilles
837 1430 1145 1485 adportaverat,
1177 1432 1395 1483 exceptam

110 1485 305 1527 Eetionis
336 1487 563 1542 coniugem
593 1489 880 1541 Astynomen,
919 1502 1043 1541 quam
1076 1486 1226 1540 Chrysi
1264 1485 1394 1526 filiani

110 1556 239 1595 supra
268 1541 507 1596 docuimus,
547 1544 601 1585 ob
638 1543 845 1584 honorem
885 1543 1049 1598 regium
1081 1542 1394 1597 Agamemnoni

111 1597 315 1651 optulere.
389 1599 479 1653 ipse
517 1599 643 1640 etiam
683 1599 872 1641 Achilles
910 1602 1077 1653 praeter
1115 1597 1226 1639 Brisi
1263 1597 1395 1638 filiam

109 1652 442 1707 Hippodamiam
480 1654 755 1696 Diomedeam
792 1655 872 1695 sibi
911 1655 1107 1703 retinuit,
1146 1653 1259 1707 quod
1289 1654 1394 1694 eius-

110 1708 206 1750 dem
236 1710 387 1751 aetatis
417 1713 545 1764 atque
582 1711 774 1752 alimonii
813 1725 901 1752 non
939 1710 1030 1751 sine
1060 1723 1217 1764 magno
1249 1709 1394 1750 dolore

109 1763 256 1806 divelli
286 1768 485 1820 poterant
514 1769 557 1808 et
587 1767 641 1808 ob
672 1767 713 1807 id
745 1766 828 1807 iam
850 1769 973 1808 antea
1004 1766 1184 1822 genibus
1213 1765 1393 1807 Achillis

110 1821 357 1875 obvolutae,
396 1837 450 1864 ne
487 1826 785 1877 separarentur
821 1823 988 1878 magnis
1025 1822 1220 1877 precibus
1251 1835 1393 1863 orave-

109 1880 218 1918 rant.
269 1880 456 1920 ceterum
486 1879 649 1933 reliqua
670 1878 824 1933 praeda
856 1879 1015 1920 viritim
1041 1879 1094 1920 ob
1126 1877 1391 1933 singulorum

110 1933 261 1974 merita
289 1933 514 1976 distributa
544 1938 619 1976 est.
679 1935 778 1976 dein
809 1949 916 1989 quae
941 1935 1050 1976 Aiax
1082 1933 1392 1988 adportaverat,

110 1987 258 2030 Ulixes
289 1993 330 2031 et
359 1989 586 2032 Diomedes
617 1995 770 2046 rogatu
809 1992 897 2032 eius
932 1992 977 2032 in
1007 1990 1167 2033 medios
1198 1989 1392 2041 intulere,

200 2127 220 2158 3
251 2125 407 2158 habebat
443 2126 475 2156 V
587 2128 606 2159 5
637 2137 820 2160 rennuens
854 2128 881 2160 G
996 2129 1015 2159 7
1041 2126 1298 2160 theutaudrum
1333 2125 1394 2158 Gli*

110 2171 152 2202 10
169 2169 352 2203 adducens
372 2171 399 2203 G
420 2170 425 2211 Ι
446 2172 651 2204 teemissam
674 2171 736 2204 GB
798 2174 838 2205 15
856 2182 1032 2214 precones
1052 2173 1079 2205 G
1137 2174 1180 2205 20
1198 2171 1312 2214 preda
1333 2170 1393 2203 GB

108 2215 151 2246 21
178 2213 368 2248 idomenea
394 2216 421 2247 G
469 2215 679 2248 idomeneus
705 2217 738 2248 B
830 2219 872 2249 22
899 2219 1090 2250 sentencia
1117 2217 1179 2250 ΕΒ
1264 2218 1306 2249 23
1333 2226 1394 2247 ex-

111 2263 255 2301 ceptam
279 2265 313 2291 ut
336 2262 528 2294 coniecerat
551 2262 750 2304 Vindinyius
772 2261 809 2292 V
850 2266 1002 2305 excepta
1021 2262 1082 2295 GB
1152 2263 1195 2294 24
1213 2261 1393 2293 eaetionis

112 2303 174 2336 GB
222 2305 412 2348 coniugem
438 2310 648 2347 astynomen
677 2307 703 2337 G
796 2308 838 2339 -26
862 2307 972 2340 brissi
999 2307 1071 2340 ΕΒ.

1417 715 1447 738 10

1416 993 1447 1019 15

1414 1273 1447 1298 20

1414 1554 1446 1579 25
