1621 2550
211 83 293 125 134

205 184 371 216 residuus
388 183 501 225 bello,
526 186 674 226 reliquus
699 185 754 225 95,
775 185 816 216 14

230 230 304 268 101,
331 229 374 261 24

206 273 377 306 resistere
396 273 586 306 moenibus
603 273 658 314 84,
678 273 731 313 22,
754 273 814 305 de-

224 318 346 350 sistere
373 318 448 358 105,
467 320 486 350 3

204 365 453 404 respectantes
477 371 520 394 ex
547 362 655 394 muris
680 362 734 402 48,
757 363 776 394 6

204 416 376 448 responso
403 406 524 439 editur
549 407 624 446 110,
645 408 664 439 9

205 451 393 483 restitutio
417 451 571 493 virginis
596 452 650 491 37,
669 451 712 483 35
738 450 815 483 eius

225 496 280 536 39,
307 497 327 527 9

203 540 395 572 retardare
414 540 680 582 profectionem
700 541 752 578 14,
772 540 816 571 20

203 587 389 616 retentare
415 593 559 616 manum
584 585 638 623 51,
656 586 676 616 9
708 583 815 626 spiri-

227 632 304 660 tum
329 630 383 668 77,
404 630 444 661 19
477 630 551 668 113,
569 630 590 661 8

201 677 387 713 retexere,
413 684 581 705 enarrare
606 674 638 711 8,
662 675 702 706 13

204 718 366 750 retinere
407 717 565 750 hostiam
602 727 816 760 suspensam

223 763 278 801 49,
298 764 338 795 13
371 762 525 794 retineri
550 763 648 795 intra
670 762 816 795 moenia

226 808 280 847 72,
307 808 350 839 28

201 854 411 892 retorquere
444 851 583 883 animos
621 850 669 883 ad
699 851 816 893 pieta-

227 900 300 927 tem
325 897 379 935 65,
405 896 425 927 8

200 941 362 972 revisere
388 939 546 982 aliquem
572 941 625 979 57,
651 941 691 972 12

201 984 367 1016 revolare
395 984 441 1016 ad
466 995 587 1018 muros
611 986 666 1024 81,
691 986 734 1017 28

200 1029 385 1061 revolvere
411 1029 579 1071 spiritum
604 1030 658 1069 65,
681 1030 724 1061 24

200 1077 331 1115 rogatu
359 1074 436 1106 eius
461 1075 516 1111 29,
535 1075 578 1106 33

203 1129 309 1150 ruere
337 1118 382 1150 ad
399 1122 524 1160 portas
543 1119 597 1156 78,
617 1121 636 1151 7
662 1120 695 1150 in
710 1129 814 1161 proe-

225 1165 301 1194 lium
317 1164 373 1203 42,
393 1165 436 1196 34
453 1173 511 1195 res
528 1163 582 1195 ita
598 1167 707 1196 ruunt
724 1165 778 1203 69,
794 1165 813 1195 7

222 1208 316 1240 ictus
348 1208 421 1240 ruit
445 1209 498 1243 24,
518 1209 560 1241 28
585 1209 639 1248 58,
659 1209 679 1240 6
710 1209 748 1240 in
772 1218 812 1240 os

223 1254 277 1292 64,
303 1253 322 1284 9

199 1297 328 1329 ruinae
360 1297 465 1329 modo
495 1297 550 1337 46,
570 1298 589 1329 5
621 1298 676 1337 57,
701 1298 744 1330 28
777 1297 815 1329 in

222 1341 365 1373 modum
391 1343 444 1382 73,
465 1343 505 1373 10

200 1395 342 1418 rumore
369 1386 528 1418 secundo
557 1387 610 1427 12,
637 1387 678 1418 14

201 1474 381 1507 Sacerdos
408 1476 442 1507 ei
467 1474 602 1517 templo
628 1476 682 1515 92,
701 1477 746 1508 34

201 1519 321 1552 saevit
347 1530 445 1552 mare
471 1521 524 1558 22,
548 1521 588 1552 11
617 1521 691 1561 102,
712 1521 753 1552 12

199 1565 358 1597 saevitia
383 1564 513 1597 hiemis
540 1565 615 1605 108,
636 1567 652 1597 1

199 1609 434 1651 sagittarium
472 1612 660 1642 certamen
690 1611 745 1649 82,
770 1611 813 1643 28

224 1663 283 1686 ars
331 1654 570 1696 sagittarum,
626 1656 816 1697 sagittandi

222 1699 275 1738 62,
302 1699 345 1730 26

200 1743 362 1775 salubria
387 1743 539 1776 decreta
565 1744 618 1783 31,
643 1745 683 1776 19

201 1787 401 1820 salubritas
427 1791 605 1821 renovata
630 1790 684 1828 39,
702 1789 743 1821 29

200 1833 384 1864 sanctitas
409 1843 544 1865 morum
569 1835 600 1873 9,
622 1833 661 1865 18

199 1878 313 1910 saties
339 1880 440 1910 tenet
466 1888 588 1910 omnes
614 1879 668 1917 67,
690 1879 729 1910 13
760 1879 812 1909 in-

223 1921 320 1954 cedit
356 1923 514 1955 Graecos
551 1925 605 1962 75,
629 1925 649 1955 5
698 1923 811 1955 satias

222 1967 413 2009 sanguinis
438 1968 492 2008 98,
513 1969 527 1999 1

201 2012 291 2044 satis
321 2011 481 2044 futurum
508 2012 642 2054 cupitis
667 2013 721 2053 67,
741 2014 760 2045 6

200 2058 348 2089 saucius
363 2057 474 2089 animi
488 2058 690 2090 iactatione
706 2059 812 2097 53,11

199 2101 321 2133 scelus
354 2102 484 2134 violati
514 2102 663 2144 hospitii
697 2103 751 2143 20,
771 2104 813 2135 29

221 2145 364 2178 domum
400 2148 438 2178 in
475 2147 595 2180 scelus
628 2148 813 2190 proprium

222 2192 403 2223 convertit
428 2193 458 2231 5,
478 2193 521 2224 24

200 2236 361 2268 scientes
393 2236 662 2278 prudentesque
696 2238 750 2277 32,
769 2237 812 2269 28

198 2284 342 2314 secreto
370 2281 414 2313 ab
442 2281 524 2314 aliis
550 2283 603 2321 86,
630 2284 649 2314 3

600 84 756 118 INDEX
779 83 1104 117 LATINITATIS.

887 187 1050 217 sectator
1091 184 1177 217 boni
1211 184 1429 226 honestique
1463 184 1494 225 6,

886 273 1114 306 secundante
1139 277 1250 306 vento
1277 273 1353 313 102,
1376 274 1417 305 10

885 318 1063 350 securitas
1089 318 1194 360 pacis
1219 319 1274 357 96,
1291 318 1335 350 26

884 372 1033 395 securus
1066 363 1121 395 sui
1145 363 1200 403 61,
1225 365 1242 394 1
1268 363 1323 402 94,
1347 363 1368 394 4
1399 360 1496 394 filiae

906 407 961 447 69,
982 408 1022 440 18
1047 407 1200 439 interitu
1224 408 1277 447 61,
1297 408 1338 440 31

884 460 957 482 non
989 461 1096 483 secus
1128 461 1253 493 quam,
1291 461 1357 484 non
1392 452 1497 482 minus

908 496 960 535 17,
985 496 1027 528 23
1058 496 1113 535 89,
1139 496 1181 528 32
1230 505 1302 528 non
1349 495 1497 536 segnius

885 583 1106 616 seditionem
1124 583 1300 616 extollere
1320 582 1496 616 adversus

886 673 949 704 sed
974 683 1051 712 nec,
1077 674 1141 705 sed
1164 684 1229 706 non
1254 674 1308 712 60,
1325 673 1368 704 26

885 718 1063 749 semiruta
1087 718 1227 750 moenia
1252 718 1306 757 96,
1331 719 1373 749 14

886 766 1028 794 semota
1053 762 1098 794 ab
1126 762 1209 794 aliis
1234 763 1311 794 vita
1337 763 1390 802 82,
1407 763 1427 794 5

885 811 1037 839 senecta
1061 810 1166 840 aetas
1190 808 1245 846 64,
1263 808 1306 838 29

884 851 1087 893 separatim
1115 852 1160 883 ab
1187 851 1272 883 aliis
1296 853 1352 890 76,
1372 852 1413 882 21

889 899 1060 937 separato
1086 906 1190 938 rege,
1216 901 1324 928 amolo
1349 896 1405 935 89,
1426 895 1466 926 12

885 939 1136 982 sepulchrum,
1162 940 1288 973 bustum
1313 942 1368 981 79,
1397 940 1437 972 18

884 985 988 1026 sequi
1002 985 1218 1017 societatem
1228 984 1382 1017 militiae
1393 985 1445 1023 14,
1457 985 1498 1016 14

907 1030 1120 1061 comitatum
1138 1031 1192 1069 69,
1212 1031 1232 1062 5
1253 1029 1355 1062 facta
1373 1038 1496 1062 eorum

907 1074 988 1106 laus
1014 1075 1136 1116 potius
1167 1084 1273 1116 quam
1306 1073 1413 1116 culpa
1441 1083 1497 1106 se—

907 1119 1030 1160 quitur
1054 1120 1108 1156 31,
1129 1121 1145 1150 1
1173 1122 1303 1151 secuta
1321 1118 1380 1151 die
1400 1119 1431 1157 7,
1453 1119 1496 1151 30

906 1164 1044 1195 secutis
1070 1164 1292 1205 temporibus
1318 1165 1351 1203 2,
1373 1165 1412 1195 12
1521 1194 1525 1197 .

883 1212 1076 1241 servantes
1100 1209 1255 1251 imperia
1279 1209 1334 1248 47,
1351 1209 1398 1240 24
1422 1207 1496 1250 sig-

906 1262 990 1284 num
1015 1254 1072 1294 96,
1090 1254 1132 1284 27

884 1298 1087 1337 servitium,
1113 1298 1256 1329 servitus
1275 1297 1349 1337 100,
1373 1297 1410 1328 11
1437 1296 1495 1329 sui

906 1342 961 1380 66,
986 1343 1028 1374 32

884 1385 1208 1419 seu—sive—vel
1237 1387 1311 1426 109,
1329 1387 1371 1418 27

883 1440 974 1462 sexu
991 1430 1089 1463 virili
1106 1442 1149 1463 ac
1176 1431 1342 1463 muliebri
1361 1432 1434 1467 104,
1454 1431 1495 1463 27

884 1475 971 1515 sibi,
999 1478 1030 1508 ei
1053 1477 1108 1515 52,
1130 1477 1171 1508 26

883 1519 1032 1553 silentio
1048 1520 1148 1553 facto
1162 1522 1193 1560 9,
1211 1521 1230 1552 2
1245 1520 1371 1553 habito
1385 1521 1439 1559 91,
1455 1521 1495 1552 16

907 1565 1020 1597 multo
1051 1566 1106 1605 96,
1131 1566 1171 1598 27
1206 1564 1345 1607 aliquid
1370 1565 1495 1597 remit·

907 1615 985 1642 tere
1011 1611 1065 1651 46,
1087 1611 1127 1642 18

883 1654 1017 1686 silvam
1043 1655 1195 1687 caedere
1222 1656 1275 1694 59,
1295 1656 1315 1687 5

882 1699 997 1732 simile
1019 1710 1098 1731 cum
1113 1700 1247 1732 ceteris
1272 1699 1327 1731 ius
1348 1700 1421 1737 100,
1440 1699 1495 1739 26,

906 1744 1050 1785 lingua,
1087 1755 1169 1786 opp.
1201 1744 1306 1776 varia
1342 1744 1496 1786 permix-

905 1791 1018 1829 taque
1046 1790 1121 1828 102,
1143 1790 1161 1820 2

883 1833 1054 1865 simulato
1081 1835 1133 1872 27,
1160 1834 1179 1865 5

883 1877 1102 1919 singillatim
1131 1879 1182 1918 11,
1204 1879 1244 1909 21

883 1922 1019 1964 singuli
1045 1922 1166 1964 plures
1185 1924 1238 1961 94,
1260 1923 1299 1954 14
1326 1922 1495 1965 pluresve

905 1968 959 2007 51,
989 1969 1028 2000 15

884 2012 1065 2045 sistuntur
1084 2022 1168 2054 spes
1188 2016 1298 2053 atque
1317 2022 1406 2054 opes
1431 2012 1496 2044 mi-

907 2057 1008 2089 litiae
1035 2057 1072 2089 in
1096 2057 1175 2089 viro
1200 2058 1255 2097 46,
1280 2058 1322 2090 25

885 2102 975 2134 situs
1007 2102 1045 2134 in
1077 2101 1151 2134 alia
1183 2105 1303 2144 parte,
1344 2105 1495 2133 versatus

906 2148 960 2181 54.
989 2148 1029 2178 16
1072 2157 1181 2189 super
1217 2156 1335 2178 muros
1372 2146 1494 2185 83,15

908 2192 980 2223 sita
1020 2196 1105 2224 sunt
1145 2192 1182 2223 in
1222 2200 1329 2223 mauu
1371 2195 1495 2223 vestra

882 2282 1084 2313 sive—seu
1113 2283 1164 2320 17,
1183 2282 1224 2313 25
