1621 2550
231 95 283 136 78
639 95 815 129 DICTYS
840 96 1106 130 CRETENSIS

229 195 457 249 plurimos,
497 195 559 236 uti
598 209 807 248 quemque
845 195 959 236 intra
987 197 1140 250 telum,
1179 196 1300 250 ferit,
1339 198 1385 239 in
1415 199 1511 252 quis

230 254 381 292 Nastes
421 253 462 292 et
498 250 837 304 Amphimachus
881 252 1038 305 reperti
1085 251 1232 294 Cariae
1268 230 1512 307 iinperitan-

229 311 305 348 tes.
356 307 524 360 iamque
555 305 681 347 duces
711 306 821 347 Aiax
853 306 962 348 Oilei
993 311 1035 348 et
1065 307 1291 350 Sthenelus
1322 309 1511 351 adiuncti

231 363 389 403 multos
419 362 682 403 interficiunt
711 365 836 416 atque
874 363 919 403 in
949 363 1097 418 fugam
1135 369 1307 419 cogunt
1381 380 1511 420 quare

195 431 211 455 5
231 418 407 459 Troiani
439 418 570 459 caesis
600 432 772 459 suorum
803 418 998 472 plurimis
1035 434 1246 473 nusquam
1275 421 1363 462 ullo
1395 425 1510 463 certo

231 473 379 516 ordine
410 477 484 515 aut
522 488 595 527 spe
633 474 798 527 reliqua
826 475 1048 515 resistendi
1093 475 1271 539 dispersi
1300 478 1511 540 palantes-

230 544 311 584 que
341 544 462 571 ruere
501 529 553 570 ad
590 532 735 583 portas
783 543 920 583 neque
959 545 1139 593 usquam
1175 532 1258 572 nisi
1296 547 1342 573 111
1379 533 1512 574 muris

230 586 409 627 salutem
441 586 619 626 credere.
671 599 800 639 quare
831 599 988 640 magna
1018 586 1081 627 vis
1112 585 1335 628 hominum
1366 589 1418 629 ab
1449 589 1512 629 in-

229 641 502 695 sequentibus
532 641 690 682 nostris
725 642 1046 683 obtruncantur.

179 709 211 733 10
342 697 459 738 XIII.
534 695 616 738 Sed
660 697 733 737 ubi
783 697 936 739 clausis
984 699 1120 751 portis
1169 699 1266 739 finis
1311 699 1512 741 caedendi

229 754 366 794 factus
397 755 472 807 est,
506 753 656 794 Graeci
677 752 878 794 Achillen
909 753 961 794 ad
991 769 1120 796 naves
1144 755 1349 796 referunt.
1391 758 1512 796 tunc-

230 824 311 863 que
336 809 588 850 deflentibus
620 809 783 850 cunctis
805 809 981 850 ducibus
1013 824 1156 851 casum
1177 811 1288 851 tanti
1317 811 1399 852 viri
1418 811 1511 864 plu-

228 865 326 906 rimi
355 865 542 906 militum
572 864 686 905 haud
716 864 962 919 condolere,
993 880 1153 919 neque,
1189 867 1251 907 uti
1288 881 1354 907 res
1386 881 1512 920 expo-

230 921 390 973 scebat,
421 920 597 961 tristitia
627 921 905 962 commoveri:
945 921 1101 975 quippe
1139 922 1281 963 animo
1319 922 1511 963 inhaese-

177 986 210 1012 15
229 980 296 1017 rat
324 976 526 1017 Achillen
555 990 680 1030 saepe
709 976 887 1017 consilia
914 977 1124 1030 prodendi
1145 978 1354 1018 exercitus
1383 978 1512 1019 inisse

229 1047 326 1074 cum
354 1032 569 1074 hostibus:
601 1035 786 1074 ceterum
818 1032 1043 1074 interfecto
1076 1047 1124 1075 eo
1147 1048 1311 1074 summa
1330 1034 1510 1075 militiae

230 1089 379 1130 orbata
409 1091 451 1129 et
485 1087 729 1142 ademptum
768 1088 1102 1142 conplurimum:
1142 1092 1184 1130 et
1212 1090 1304 1131 viro
1337 1091 1510 1145 egregio

227 1144 415 1185 bellandi
454 1159 508 1185 ne
554 1143 778 1186 honestam
826 1144 996 1198 quidem
1034 1148 1232 1198 mortem,
1277 1149 1351 1187 aut
1388 1146 1512 1187 aliter

229 1215 356 1254 quam
386 1201 432 1241 111
463 1201 642 1242 obscuro
674 1203 874 1263 oppetere
911 1201 1102 1242 licuerat.
1170 1179 1303 1256 igitur
1331 1216 1513 1256 piopere

177 1267 209 1291 20
229 1271 279 1297 ex
309 1256 385 1298 Ida
422 1256 646 1310 adportata
682 1256 789 1311 118111
827 1272 890 1297 vis
928 1257 1064 1298 multa
1107 1260 1234 1310 atque
1272 1272 1317 1298 111
1363 1257 1513 1300 eodem

227 1313 341 1363 1000,
383 1327 467 1366 quo
476 1272 632 1353 pantea
669 1312 888 1365 Patroclo,
926 1313 1098 1353 bustum
1138 1315 1353 1354 extruunt.
1413 1313 1512 1354 dein

228 1368 429 1422 imposito
461 1368 663 1409 cadavere
694 1368 969 1422 subiectoque
1000 1369 1092 1424 igni
1124 1369 1235 1410 iusta
1256 1369 1398 1410 funeri
1418 1384 1510 1423 per-

229 1428 364 1479 agunt
400 1424 532 1466 Aiace
572 1424 798 1478 praecipue
829 1424 1073 1477 insistente,
1114 1425 1186 1478 qui
1217 1439 1293 1479 per
1322 1425 1511 1466 triduum

229 1480 488 1521 continuatis
526 1479 685 1534 vigiliis
722 1480 867 1521 labore
905 1495 994 1522 non
1033 1480 1214 1534 destitit,
1255 1495 1382 1534 quam
1416 1481 1511 1522 reli-

176 1546 209 1571 25
229 1536 353 1590 quiae
384 1535 738 1577 coadunarentur.
794 1536 909 1577 solus
939 1551 1123 1590 namque
1156 1537 1348 1578 omnium
1377 1551 1512 1591 paene

227 1593 341 1633 ultra
371 1592 538 1633 virilem
574 1592 748 1633 modum
789 1592 965 1634 interitu
996 1593 1178 1634 Achillis
1216 1596 1512 1634 consternatus

228 1652 310 1702 est,
351 1662 477 1702 quem
515 1648 715 1689 dilectum
754 1652 922 1702 praeter
960 1652 1123 1690 ceteros
1161 1649 1304 1690 animo
1335 1649 1511 1690 summis

228 1703 381 1746 officiis
407 1707 671 1758 percoluerat
709 1704 866 1758 quippe
894 1719 990 1746 cum
1020 1705 1322 1746 amicissimum
1344 1708 1386 1746 et
1415 1719 1510 1745 san-

227 1760 356 1815 guine
389 1760 664 1801 coniunctum
693 1760 785 1813 sibi,
817 1763 908 1801 tum
929 1761 1156 1814 praecipue
1177 1760 1409 1815 plurimum
1430 1761 1511 1801 vir—

175 1824 208 1851 30
226 1819 318 1858 tute
349 1819 510 1858 ceteros
540 1816 871 1858 antecedentem.

318 1944 335 1973 1
370 1943 504 1984 primus
532 1942 559 1974 G
592 1942 639 1974 cf.
673 1953 704 1983 p.
732 1943 785 1980 73,
814 1942 854 1973 18
892 1942 943 1979 74,
970 1943 1012 1973 22
1117 1943 1136 1973 2
1173 1946 1291 1974 rastes
1325 1942 1387 1974 ΘΒ
1418 1954 1509 1974 corr.

226 1987 408 2019 Mercerus
498 1990 518 2019 4
551 1987 707 2018 fundunt
733 1987 803 2017 PV
830 1986 1053 2018 interficiunt
1081 1986 1112 2017 l›'
1141 1998 1202 2019 om.
1230 1988 1257 2018 G
1359 1989 1378 2018 5
1411 1997 1511 2018 num—

228 2043 334 2073 quam
362 2032 424 2064 GB
448 2043 538 2064 corr.
569 2032 634 2063 VP
730 2033 767 2062 11
797 2041 950 2073 cumque
978 2031 1041 2063 GB
1076 2043 1165 2063 eor-r.
1193 2031 1267 2062 BV
1366 2035 1406 2063 13
1431 2042 1510 2063 cnm

228 2077 351 2109 dolore
383 2077 476 2114 libri,
511 2076 654 2108 Orellius
684 2087 749 2107 non
774 2078 857 2107 male
883 2076 1074 2108 condolere
1170 2079 1209 2107 14
1236 2077 1315 2118 quis
1341 2078 1420 2108 add.
1447 2087 1511 2107 non

225 2124 309 2153 male
335 2122 406 2152 PV
423 2127 503 2163 post
528 2122 661 2163 quippe
685 2120 690 2164 Ι
711 2122 748 2152 111
774 2121 892 2153 animo
917 2121 1083 2153 haeserat
1111 2121 1213 2152 BVP
1305 2123 1345 2153 16
1371 2131 1510 2153 summa

226 2177 271 2198 m.
298 2167 444 2204 orbata,
477 2168 568 2208 quod
597 2168 787 2207 suspicatus
811 2176 896 2204 sum,
924 2171 1034 2198 tuetur·
1057 2166 1089 2196 V
1134 2177 1306 2198 summam
1335 2177 1377 2197 m.
1404 2166 1508 2197 orba-

227 2217 302 2242 tam
332 2213 405 2245 rell.
536 2213 575 2243 17
608 2212 687 2252 spei
725 2221 832 2253 quam
871 2211 1062 2252 plurimum
1100 2209 1188 2252 lr'Pl
1217 2216 1251 2243 et
1288 2211 1350 2243 GB
1384 2211 1441 2242 cui
1479 2211 1511 2241 V

229 2258 268 2288 19
293 2256 441 2287 licuerit
475 2256 568 2292 libri,
609 2267 668 2287 nos
707 2268 724 2288 e
761 2258 953 2287 coniectura
989 2258 1184 2297 scripsimus
1217 2256 1372 2287 licuerat
1465 2256 1508 2287 ‘22

228 2301 357 2333 funere
386 2301 430 2333 G*
533 2302 575 2333 28
602 2300 904 2343 perconsuluerat
932 2300 1009 2341 GB,
1038 2306 1185 2333 nostrum
1211 2302 1305 2333 editt.
1332 2306 1412 2335 nete.
