1621 2550
435 94 583 126 BELLI
605 92 807 126 TROIAM
831 93 924 126 LIB.
950 94 996 128 11.
1310 95 1364 136 49

88 194 315 236 consilium
344 192 424 233 viri
454 191 664 244 simulque
694 190 983 245 praedicantes
1013 191 1064 232 ad
1095 193 1257 234 caelum
1287 195 1365 235 tol-

88 250 195 303 lere,
233 249 395 291 scilicet
431 246 545 302 quod
588 260 684 288 cum
722 247 879 288 virtute
918 247 1128 301 corporis,
1175 250 1266 289 tum
1305 250 1365 290 in-

120 306 217 347 81110
255 304 474 346 universos
513 302 705 344 anteiret.
782 305 880 356 post
920 317 1028 356 quae
1067 304 1365 358 Agamemnon

119 374 240 403 ocere
270 374 314 401 se
344 362 387 400 et
416 361 514 400 ante
552 358 606 399 ad
641 358 1001 399 reconciliandum
1032 358 1231 400 Achillen
1262 361 1362 401 mul-

89 419 157 458 tos
186 416 350 457 misisse
380 417 423 456 et
450 427 564 455 nunc
594 413 702 454 nihil
733 413 847 454 aliud
884 413 999 455 cordi
1031 429 1132 455 esse.
1191 429 1238 456 ac
1269 430 1366 457 mox
1385 431 1400 455 5

91 471 250 514 Ulixen
269 474 397 525 atque
428 470 568 524 ipsum
588 469 762 510 Aiacem
785 483 917 532 orare,
948 470 1212 523 susciperent
1239 485 1367 526 nego-

88 527 199 569 tium
228 530 355 581 atque
386 526 438 567 ad
467 539 564 567 eum
593 525 768 566 nomine
798 525 989 566 omnium
1019 525 1149 579 irent,
1187 527 1367 567 maxime

89 583 204 637 quod
243 584 352 624 Aiax
392 581 648 636 cognatione
685 581 818 622 fretus
863 582 1163 635 impetraturus
1201 582 1369 623 veniam

89 639 255 680 facilius
294 638 553 680 credebatur.
615 637 747 691 igitur
783 637 849 677 his
887 651 1058 690 operam
1099 651 1217 678 suam
1248 637 1369 691 polli-

91 695 284 736 centibus
314 694 473 735 iturum
502 706 546 733 se
575 705 662 733 una
690 691 918 733 Diomedes
948 694 1099 746 sponte
1129 693 1200 733 ait.
1390 708 1420 732 10

202 748 354 790 XLIX.
414 747 493 790 His
523 748 627 789 actis
658 748 956 802 Agamemnon
993 748 1156 789 adferre
1187 748 1370 790 hostiam

94 805 261 846 lictores
299 804 418 845 iubet
455 817 503 844 ac
540 817 639 845 mox
685 803 851 844 sublata
897 818 1022 857 super
1059 807 1235 857 terram,
1275 819 1369 845 cum

94 860 198 914 duo,
229 860 381 914 quibus
411 860 665 913 imperatum
696 861 806 912 erat,
845 873 1091 913 suspensam
1126 837 1370 912 retinerent,

94 916 283 979 gladium
319 916 475 971 vagina
513 914 653 956 educit
690 929 824 968 eoque
855 915 1051 956 bifariam
1083 915 1266 956 excisam
1297 915 1371 957 110-

94 972 219 1014 stiam
248 986 295 1013 ιιι
326 974 568 1034 conspectu,
600 971 662 1012 uti
683 970 896 1024 diviserat,
931 971 1129 1012 collocat:
1161 970 1258 1012 dein
1290 972 1421 1012 fer-15

93 1042 187 1069 rum
223 1028 431 1083 sanguine
470 1027 650 1068 oblitum
688 1041 816 1068 manu
855 1027 1044 1068 retinens
1074 1027 1186 1068 inter
1216 1031 1372 1068 utram-

92 1098 174 1138 que
213 1084 320 1125 sacri
359 1085 523 1137 partem
561 1082 724 1123 medius
762 1082 889 1125 vadit.
949 1083 1120 1123 interim
1152 1082 1372 1124 Patroclus

93 1139 266 1194 cognito
298 1139 412 1193 quod
441 1138 671 1193 parabatur
701 1139 746 1179 in
767 1138 991 1179 consilium
1023 1141 1280 1192 supervenit.
1331 1142 1373 1179 at

92 1209 165 1236 rex
195 1195 305 1236 sicut
334 1209 462 1248 supra
491 1194 673 1235 diximus
710 1197 997 1249 transgressus
1029 1195 1081 1234 ad
1110 1197 1372 1248 postremum

93 1251 205 1292 iurat
241 1250 491 1292 inviolatam
529 1265 554 1290 a
590 1265 633 1291 se
671 1250 717 1290 in
757 1264 853 1291 eum
892 1249 1003 1291 diem
1044 1249 1371 1303 Hippodamiam
1391 1262 1423 1288 20

92 1307 296 1348 mansisse
326 1320 464 1360 neque
495 1306 724 1359 cupiditate
753 1306 841 1347 ulla
870 1309 944 1347 aut
975 1306 1184 1347 desiderio
1215 1306 1372 1347 laesam

95 1363 167 1403 sed
203 1362 286 1415 ira,
332 1377 415 1416 qua
452 1361 636 1416 plurima
673 1361 784 1402 mala
814 1362 1116 1414 conficiuntur,
1160 1376 1209 1403 eo
1241 1376 1373 1415 usque

94 1418 361 1472 processisse.
414 1417 480 1458 his
518 1416 634 1458 addit
672 1431 824 1471 cupere
862 1432 905 1459 se
944 1421 1181 1471 praeterea,
1221 1418 1255 1457 si
1293 1418 1373 1471 ipsi

93 1474 222 1515 etiam
251 1473 484 1526 videretur,
535 1473 737 1526 filiarum,
777 1488 884 1527 quae
924 1474 961 1513 ei
998 1473 1113 1515 cordi
1153 1476 1278 1526 esset,
1329 1473 1374 1513 in

94 1530 413 1571 matrimonium
451 1529 549 1570 dare
581 1529 870 1583 decimamque
908 1530 1029 1584 regni
1069 1529 1205 1570 omnis
1237 1543 1283 1570 ac
1314 1532 1426 1570 13-25

96 1585 213 1626 lenta
249 1585 561 1648 quinquaginta
600 1584 689 1626 doti
729 1585 936 1640 adiungit.
1005 1599 1110 1639 quae
1151 1585 1222 1625 ubi
1261 1599 1374 1626 acce-

95 1655 194 1703 pere
225 1641 298 1694 qui
328 1641 373 1682 in
404 1641 582 1682 consilio
614 1644 747 1693 erant,
778 1641 992 1682 ammirari
1013 1641 1375 1681 maonificentiam

94 1696 207 1752 regis
236 1698 501 1750 maximeque
534 1696 775 1749 Patroclus,
808 1697 880 1750 qui
912 1711 1008 1737 cum
1039 1676 1254 1737 oblatione
1284 1699 1375 1737 tan-

94 1755 233 1794 tarum
271 1766 419 1806 opum,
462 1755 554 1793 tum
592 1753 817 1806 praecipue
859 1752 1014 1804 laetus,
1062 1751 1176 1805 quod
1217 1752 1374 1793 intacta

96 1807 384 1871 Hippodamia
421 1807 734 1860 adfirmaretur,
774 1807 827 1848 ad
857 1807 1056 1849 Achillen
1096 1808 1213 1848 venit
1253 1808 1374 1861 eique
1395 1819 1426 1844 30

96 1864 296 1905 universa
324 1867 445 1919 gesta
474 1866 600 1918 atque
631 1866 725 1905 acta
754 1863 896 1905 refert.

209 1919 256 1961 L.
306 1919 419 1961 Dein
458 1920 531 1961 ubi
561 1934 633 1961 rex
665 1933 713 1960 83
723 1953 734 1973 ,
773 1934 880 1982 quae
910 1919 1146 1972 audiverat,
1185 1919 1375 1960 volutare

102 1975 245 2017 animo
275 1990 323 2016 ac
354 1975 584 2017 deliberare
623 1990 764 2016 secum
800 1975 890 2039 ipse
921 1976 1103 2029 occepit,
1134 1975 1378 2037 supervenit

100 2045 196 2072 cum
234 2031 487 2085 supradictis
525 2031 648 2072 Aiax,
717 2035 808 2072 tum
847 2032 1061 2094 ingressos
1098 2045 1169 2072 eos
1208 2046 1254 2072 ac
1293 2045 1376 2072 iam

99 2087 284 2150 benigne
304 2087 509 2129 salutatos
527 2087 670 2128 sedere
692 2087 887 2128 hortatur
907 2088 1108 2141 iuxtaque
1129 2102 1172 2128 se
1188 2087 1375 2128 Aiacem.
1397 2099 1429 2124 ³5

101 2142 174 2196 qui
210 2146 376 2197 tempus
423 2143 624 2197 loquendi
670 2146 819 2184 nactus
857 2143 1123 2184 familiariter
1162 2146 1203 2184 et
1243 2143 1297 2184 ob
1338 2141 1378 2183 id

189 2303 231 2334 23
252 2302 339 2342 sort.
368 2303 588 2344 processisse
614 2313 650 2335 se
738 2304 780 2334 24
808 2303 918 2334 etiam
942 2302 1011 2344 ipsi
1038 2304 1171 2343 vulyala
1194 2303 1290 2333 lec-lio
1316 2306 1376 2331 est.

166 2361 286 2387 Dte-ns.
1158 2371 1179 2400 4
