1621 2550
238 86 319 128 104
640 87 816 120 DICTYs
843 86 1112 120 CRETENSIS

346 186 424 228 III.
485 186 598 228 Dein
635 186 709 227 ubi
740 185 910 227 Orestes
946 185 1170 227 transactis
1208 185 1413 240 pueritiae
1443 201 1516 228 an-

234 243 301 284 nis
333 242 475 284 officia
504 242 585 283 viri
623 242 774 296 exequi
811 242 972 296 coepit,
1011 245 1105 283 orat
1133 241 1418 295 Idomeneum,
1450 243 1514 284 uti

236 313 378 340 secum
410 313 461 340 ex
493 313 542 339 ea
571 298 712 339 insula
732 312 859 352 quam
888 298 1094 352 plurimos
1123 299 1331 339 mitteret:
1362 312 1516 352 cupere

234 369 419 409 namque
459 369 502 395 se
539 354 733 395 Athenas
772 354 986 409 navigare.
1047 354 1191 408 itaque
1230 354 1405 396 collecto
1438 369 1516 395 nu-

201 424 352 452 5mero
384 424 531 451 eorum
571 424 677 464 quos
719 410 894 451 idoneos
931 410 1128 451 credebat
1163 410 1354 451 Athenas
1384 410 1518 462 venit,

235 467 288 507 ab
324 466 391 507 his
429 466 632 507 auxilium
668 468 817 507 contra
854 465 1109 520 Aegisthum
1150 469 1254 508 orat.
1327 465 1426 506 dein
1463 465 1518 506 ad

236 522 455 564 oraculum
493 522 582 563 adit
626 536 960 576 responsumque
1006 521 1108 574 fert,
1155 522 1218 562 uti
1256 523 1433 563 matrem
1473 525 1518 563 et

235 592 331 620 cum
362 593 411 619 ea
432 578 687 632 Aegisthum
717 578 963 619 interficiat:
996 591 1046 618 ex
1077 592 1160 631 quo
1191 577 1300 631 fore,
1332 577 1395 618 uti
1425 591 1520 632 reg-

234 649 339 676 num
367 634 553 688 patrium
583 634 800 688 reciperet.
851 633 1095 674 huiusmodi
1125 633 1298 674 numine
1330 636 1518 674 armatus

185 704 218 728 10
237 705 332 732 cum
362 690 577 744 praedicta
613 705 742 731 manu
781 690 833 731 ad
863 689 1111 753 Strophium
1150 690 1288 730 venit:
1327 690 1363 730 is
1401 703 1520 730 nam-

237 761 318 801 que
354 746 599 799 Phocensis,
631 746 748 787 cuius
778 746 867 787 filia
896 747 941 787 in
972 746 1291 787 matrimonium
1320 745 1519 801 Aegisthi

238 803 505 857 denupserat,
538 802 797 857 indignatus,
830 802 943 856 quod
975 806 1115 856 spreto
1146 802 1287 856 priore
1316 802 1517 856 coniugio

237 858 563 912 Clytemestram
594 858 888 912 superduxerit
925 860 967 899 et
1004 872 1148 913 regem
1186 857 1377 920 omnium
1407 858 1520 912 Aga-

236 929 508 956 memnonem
547 915 712 955 insidiis
750 914 1031 967 interfecerit,
1077 914 1189 955 ultro
1236 913 1275 954 ei
1313 913 1515 954 auxilium

186 982 218 1008 15
236 971 458 1012 adversum
489 970 804 1011 inimicissimos
826 947 1049 1023 optulerat.
1100 970 1244 1023 itaque
1275 969 1518 1023 conspirato

236 1027 348 1068 inter
369 1041 412 1067 se
429 1041 524 1067 cum
541 1040 697 1081 magna
710 1041 840 1067 manu
856 1026 1057 1080 Mycenas
1077 1026 1257 1067 veniunt
1278 1026 1519 1079 statimque,

237 1083 350 1137 quod
381 1082 614 1137 Aegisthus
655 1083 818 1136 aberat,
858 1083 996 1136 primo
1029 1082 1353 1145 Clytemestram
1391 1082 1520 1123 inter-

236 1139 387 1180 ficiunt
440 1139 680 1192 multosque
726 1139 853 1192 alios,
900 1139 972 1193 qui
1018 1139 1210 1179 resistere
1258 1138 1349 1179 ausi
1387 1140 1520 1191 erant,

237 1194 336 1236 dein
371 1196 543 1258 cognito
576 1195 832 1250 Aegisthum
864 1195 1093 1236 adventare
1140 1194 1314 1235 insidias
1352 1170 1523 1248 ponunt

187 1264 220 1289 20
239 1266 420 1305 eumque
443 1251 793 1292 circumveniunt.
844 1251 942 1292 inde
973 1266 1047 1305 per
1069 1265 1238 1292 omnem
1259 1251 1522 1304 Argivorum

236 1308 445 1362 populum
481 1307 686 1348 dissensio
719 1307 959 1348 animorum
997 1310 1161 1360 exorta,
1205 1286 1349 1360 quode
1357 1305 1524 1347 diversa

237 1364 350 1405 inter
380 1378 423 1405 se
455 1364 674 1417 cupientes
705 1363 755 1404 ad
787 1366 1051 1417 postremum
1090 1363 1134 1404 in
1165 1365 1306 1416 partes
1338 1361 1521 1403 discede-

237 1423 482 1474 rent,pe1
517 1419 628 1460 idem
660 1423 828 1473 tempus
860 1419 1080 1460 Menelaus
1118 1418 1318 1473 adpulsus
1351 1418 1523 1460 Cretam

238 1478 392 1517 cuncta
421 1490 547 1530 super
567 1476 893 1531 Agamemnone
914 1489 1133 1530 regnoque
1165 1475 1254 1516 eius
1286 1474 1519 1530 cognoscit.

185 1544 220 1570 25
350 1531 426 1574 IV.
476 1532 646 1573 interea
666 1546 742 1586 per
763 1546 933 1574 omnem
962 1532 1146 1573 insulam
1166 1534 1394 1586 postquam
1425 1543 1523 1585 cog-

237 1588 377 1630 nitum
407 1588 617 1630 Helenam
648 1603 697 1630 eo
728 1589 914 1642 venisse,
954 1588 1079 1630 multi
1110 1587 1298 1642 undique
1329 1587 1443 1628 virili
1475 1601 1525 1628 ac

238 1645 436 1686 muliebri
452 1659 553 1686 sexu
569 1645 793 1686 confluunt
813 1644 1132 1686 adinvenientes
1148 1644 1379 1696 dinoscere,
1401 1643 1520 1684 cuius

238 1701 377 1756 gratia
407 1701 522 1742 olbis
552 1715 688 1755 paene
720 1701 858 1742 omnis
897 1701 950 1742 ad
979 1701 1138 1742 bellum
1177 1699 1520 1754 conspiravisset.

238 1757 298 1798 ibi
328 1757 441 1798 inter
472 1760 611 1798 cetera
632 1756 851 1798 Menelaus
881 1756 1042 1811 perfert
1062 1756 1271 1798 Teucrum
1297 1755 1520 1818 expulsum

187 1826 221 1851 30
239 1813 379 1868 patria
423 1813 640 1854 civitatem
692 1813 804 1868 apud
851 1813 1038 1867 Cyprum
1085 1811 1301 1854 Salamina
1352 1811 1525 1853 nomine

240 1869 490 1911 condidisse.
557 1869 693 1911 multa
730 1870 857 1911 etiam
897 1869 1009 1924 apud
1046 1870 1293 1932 Aegyptum
1330 1867 1525 1909 miranda

239 1926 371 1968 r·efe1t
409 1929 451 1967 et
489 1925 654 1980 Canopi
700 1926 998 1980 gubernatoris
1035 1941 1119 1979 sul,
1167 1926 1234 1967 cui
1272 1924 1345 1966 ubi
1379 1938 1524 1965 morsu

240 1983 502 2037 serpentium
533 1982 766 2036 interierat,
799 1985 1038 2024 extructum
1069 1982 1345 2037 magnificum
1375 1995 1524 2022 monu-

240 2042 442 2080 mentum.
504 2038 601 2080 dein
632 2039 704 2080 ubi
734 2042 902 2093 tempus
933 2039 1070 2080 visum
1102 2043 1186 2092 est,
1220 2037 1421 2092 Mycenas
1452 2051 1524 2077 na-

330 2177 371 2207 21
399 2176 491 2217 quod
520 2176 581 2208 GB
630 2176 748 2217 quoad
775 2177 808 2208 P
897 2178 939 2207 ‘22
966 2176 1157 2218 capientes
1176 2175 1238 2207 GB
1287 2173 1478 2215 cupientes
1497 2173 1531 2205 P

239 2222 282 2253 27
320 2221 562 2253 aduenientes
599 2222 692 2255 libri.
729 2227 874 2253 nostrum
910 2222 1037 2262 Peiper
1078 2221 1126 2252 ef.
1164 2231 1197 2261 p.
1235 2221 1288 2257 52,
1329 2220 1386 2258 17,
1428 2219 1524 2258 ιιιιΙῃο

241 2269 392 2298 auentes
462 2268 504 2298 29
530 2266 644 2298 refert
663 2267 732 2298 PV
752 2268 848 2308 uulyo
875 2266 1016 2308 profert
1085 2268 1128 2298 30
1146 2264 1361 2297 salaminam
1380 2263 1412 2294 B
1481 2263 1525 2295 32

241 2312 303 2352 qui
327 2311 415 2350 libri,
442 2312 499 2343 cui
524 2313 661 2353 Peiper.
