1621 2550
452 125 600 159 BELLI
623 123 824 158 TROIANI
850 124 942 156 LIB.
967 125 993 159 Ι.
1342 125 1368 163 5

86 227 449 270 consternabatur.
486 228 530 266 at
549 224 622 265 ubi
643 222 942 265 animadvertit
962 221 1206 263 Palamedes
1227 236 1369 278 regem

87 285 150 326 ira
189 285 316 337 atque
361 281 656 336 indignatione
703 278 988 333 stupefactum
1037 277 1214 319 consilio
1263 279 1369 320 exci-

87 340 211 393 disse,
240 339 331 392 ipse
359 351 490 378 naves
510 338 632 390 parat
661 338 788 389 atque
810 334 927 375 omni
956 334 1240 375 instrumento
1272 347 1369 374 con-

86 395 247 450 positas
268 397 405 435 terrae
426 392 622 447 adplicat.
672 390 769 432 dein
791 405 868 444 pro
898 393 1088 444 tempore
1116 402 1259 443 regem
1281 389 1370 429 bre·

86 451 196 492 viter
232 449 494 502 consolatus,
531 447 724 502 inpositis
763 446 890 488 etiam
929 460 979 487 ex
1018 445 1225 485 divisione
1292 457 1403 486 uae⁵

88 506 135 548 in
164 505 241 548 tali
270 505 445 561 negotio
475 507 644 558 tempus
674 502 933 557 patiebatur,
964 514 1115 542 navem
1146 459 1370 542 ascenciiere

87 561 193 603 facit
221 564 349 658 atgue
386 561 446 601 ita
482 559 620 601 ventis
659 573 709 600 ex
747 558 960 600 sententia
996 556 1196 598 flantibus
1227 557 1371 609 paucis

88 617 236 659 diebus
285 618 462 671 'partam
493 628 735 670 pervenere.
801 628 850 655 eo
889 614 973 654 iam
1003 615 1300 667 Agamemnon
1331 615 1372 652 et

87 672 246 715 Nestor
276 685 527 725 omnesque,
559 670 631 724 qui
662 684 712 711 ex
741 670 906 724 origine
928 668 1098 723 Pelopis
1129 668 1174 708 in
1195 667 1371 708 Graecia.

88 728 339 783 regnabant,
372 727 556 781 cognitis
586 725 712 766 rebus
742 725 1047 767 confluxerant.
1098 724 1230 779 igitur
1259 726 1371 777 post·
1393 736 1423 758 ιι)

88 797 215 838 quam
247 782 490 824 Menelaum
521 781 740 823 advenisse
776 781 934 833 sciunt,
974 793 1120 821 omnes
1158 779 1204 819 in
1241 793 1373 819 unum

87 841 254 881 coeunt.
314 842 356 879 et
385 852 643 892 quamquam
672 837 872 878 atrocitas
902 835 1003 877 facti
1034 835 1085 876 ad
1116 834 1370 889 indignatio-

87 908 186 937 nem
216 894 439 946 ultumque
479 894 656 934 iniurias
695 893 904 947 rapiebat,
945 895 1088 933 tamen
1126 905 1176 932 ex
1207 890 1373 932 consilii

68 950 306 992 'sententia
326 950 524 1005 legantur
544 950 660 1004 prius
681 949 734 989 ad
753 948 925 990 Troiam
946 946 1205 999 Palamedes,
1228 945 1374 988 Ulixes

90 1011 133 1048 et
162 1005 382 1047 Menelaus
411 1006 562 1060 hisque
582 1004 826 1058 mandatur,
858 1004 921 1045 uti
943 1003 1164 1057 conquesti
1195 1002 1372 1043 iniurias
1392 1014 1423 1038 15

89 1062 301 1104 Helenam
331 1064 374 1103 et
403 1075 511 1116 quae
548 1075 644 1102 cum
681 1075 730 1102 ea
760 1061 935 1114 abrepta
969 1062 1090 1101 erant
1120 1061 1372 1112 repeterent.

203 1117 256 1159 V.
307 1116 457 1173 Legati
497 1117 644 1171 paucis
683 1116 830 1158 diebus
876 1115 928 1157 ad
968 1115 1140 1156 Troiam
1177 1114 1373 1155 veniunt:

87 1187 226 1228 neque
263 1176 407 1214 tamen
446 1173 736 1214 Alexandrum
784 1172 829 1213 in
868 1172 962 1213 loco
1001 1170 1234 1212 offendere:
1279 1184 1374 1211 eum

87 1243 271 1283 namque
300 1230 601 1283 properatione
632 1229 794 1283 navigii
833 1227 1073 1269 inconsulte
1105 1240 1226 1267 usum
1257 1226 1374 1266 venti

91 1285 144 1326 ad
174 1284 362 1339 Cyprum
393 1285 617 1339 appulere,
648 1284 760 1326 unde
790 1284 969 1338 sumptis
999 1283 1164 1337 aliquot
1193 1282 1372 1323 navibus
1390 1292 1422 1316 20

91 1341 351 1382 Phoenicem
396 1341 591 1395 delapsus
642 1340 915 1382 Sidoniorum
955 1353 1117 1395 regem,
1164 1338 1237 1392 qui
1279 1351 1375 1378 eum

90 1397 223 1438 amice
261 1400 522 1451 susceperat,
568 1400 699 1438 noctu
738 1395 903 1437 insidiis
947 1398 1092 1448 necat,
1132 1397 1375 1447 eademque,

90 1467 174 1507 qua
203 1452 315 1506 apud
345 1451 728 1505 Lacedaemonam,
769 1451 999 1505 cupiditate
1034 1450 1274 1492 universam
1306 1448 1376 1490 do·

90 1523 206 1550 mum
237 1508 327 1549 eius
357 1510 402 1549 in
433 1508 568 1550 scelus
598 1508 818 1562 proprium
849 1507 1071 1549 convertit.
1130 1506 1189 1547 ita
1220 1505 1375 1557 omnia,

91 1578 197 1618 quae
227 1564 281 1605 ad
319 1565 653 1606 ostentationem
691 1563 832 1618 regiae
870 1561 1210 1618 magnificentiae
1245 1560 1374 1614 fuere,
1394 1571 1426 1595 25

93 1619 269 1675 indigne
309 1623 432 1674 rapta
469 1620 521 1661 ad
558 1634 688 1661 naves
725 1619 877 1660 deferri
916 1619 1046 1660 iubet.
1114 1617 1187 1658 sed
1223 1617 1296 1657 ubi
1326 1630 1376 1657 ex

93 1676 397 1717 lamentatione
442 1689 609 1728 eorum,
663 1675 735 1729 qui
781 1689 924 1716 casum
969 1673 1131 1715 domini
1175 1672 1377 1713 deflentes

93 1731 247 1785 reliqui
277 1730 457 1785 praedae
488 1731 763 1786 aufugerant,
802 1730 1011 1771 tumultus
1042 1731 1160 1771 ortus
1191 1731 1273 1781 est,
1304 1742 1377 1781 po-

89 1787 215 1841 pulus
246 1787 384 1829 omnis
421 1786 473 1827 ad
511 1788 672 1842 regiam
712 1787 938 1828 concurrit.
998 1785 1097 1826 inde
1107 1817 1118 1838 ,
1150 1784 1263 1838 quod
1292 1784 1376 1824 iam

90 1842 332 1884 Alexander
367 1843 554 1897 abreptis
593 1857 700 1897 quae
739 1842 932 1897 cupierat
961 1842 1253 1883 ascensionem
1283 1853 1377 1894 pro·
1395 1851 1427 1873 30

90 1899 278 1953 perabat,
309 1913 387 1953 pro
418 1901 609 1953 tempore
640 1899 791 1940 armati
822 1898 874 1940 ad
895 1912 1025 1939 naves
1056 1897 1234 1938 veniunt
1265 1898 1376 1937 orto-

92 1969 174 2009 que
203 1954 315 1996 inter
346 1968 418 1996 eos
448 1955 535 1996 acri
566 1955 728 2010 proelio
761 1954 918 1996 cadunt
947 1953 1160 2006 utrimque
1190 1951 1376 2006 plurimi,

94 2024 190 2051 cum
227 2010 440 2052 obstinate
478 2011 523 2051 hi
562 2011 673 2067 regis
713 2024 860 2052 necem
900 2009 1196 2061 defenderent,
1228 2008 1292 2060 hi,
1323 2021 1376 2047 ne

182 2158 198 2188 1
230 2157 534 2190 consternebatur
560 2157 588 2190 G
679 2159 700 2189 5
733 2158 863 2200 positis
895 2157 990 2197 libri,
1026 2156 1207 2198 impositis
1243 2156 1377 2188 Perizo-

91 2202 163 2234 m'us
263 2202 304 2234 18
327 2204 403 2233 tum
430 2202 492 2234 GB
539 2211 619 2235 eum
646 2202 676 2233 P
780 2203 819 2235 19
844 2211 947 2235 usum
973 2201 1005 2232 P
1054 2201 1137 2233 usui
1164 2201 1191 2231 G
1237 2202 1294 2232 usi
1326 2199 1377 2233 B.-

93 2255 345 2279 eum—usum
366 2247 554 2280 Gronovius
578 2247 792 2287 coniectura,
819 2246 1003 2279 Obrechtus
1027 2256 1045 2278 e
1070 2245 1163 2277 libris
1186 2245 1255 2277 suis
1279 2245 1377 2276 reslt'-

91 2291 165 2323 tuit.
235 2292 280 2324 20
305 2291 515 2324 Dedericlms
538 2295 661 2324 mauult
687 2291 732 2324 ad
751 2291 955 2334 Aegyptum
1025 2292 1068 2323 30
1093 2291 1258 2332 cupierat
1283 2290 1377 2322 editt.

96 2339 191 2376 velt„
215 2335 294 2368 libri
318 2336 503 2379 cupiebat.
