1621 2550
489 98 639 133 BELLI
661 97 860 132 TROIANI
884 98 1413 140 LIB.1V.79

248 197 364 240 XIV.
416 196 576 239 Contra
605 195 718 250 apud
737 195 945 238 Troianos
976 196 1135 238 laetitia
1165 201 1291 251 atque
1322 212 1414 252 gra-

135 254 286 296 tulatio
317 255 492 295 cunctos
522 252 753 293 incesserat
783 251 1009 293 interfecto
1038 267 1165 306 quam
1186 253 1413 295 metuendo

138 310 282 352 hoste:
320 308 450 362 hique
487 307 719 349 Alexandri
764 310 1050 348 commentum
1096 307 1316 349 laudantes
1361 309 1413 349 ad

135 365 299 407 caelum
335 364 499 416 ferunt,
545 363 707 404 scilicet
743 376 838 404 cum
876 362 1041 404 insidiis
1078 367 1244 405 tantum
1281 364 1414 417 p-erfe

135 421 258 473 cerit‚
305 422 512 474 quantum
557 433 611 459 ne
657 419 703 459 in
748 419 978 459 certamine
1015 418 1187 460 auderet
1231 419 1412 473 quidem
1432 431 1448 456 5

133 476 246 518 inter
276 489 384 530 quae
435 475 612 516 nuntius
649 473 820 515 Priamo
865 475 1110 528 supervenit
1147 474 1413 528 Eurypylum

134 531 312 586 Telephi
335 545 386 572 ex
407 530 572 572 Moesia
591 529 840 583 adventare,
873 544 998 584 quem
1028 541 1101 571 rex
1123 530 1268 571 multis
1289 533 1414 571 antea

137 587 341 629 inlectum
370 586 582 641 praemiis,
613 585 666 626 ad
696 588 957 639 postremum
988 586 1204 627 oblatione
1235 585 1414 639 despon-

136 657 207 685 sae
230 642 488 685 Cassandrae
509 641 843 684 confirmaverat.
896 641 967 682 sed
998 642 1110 683 inter
1131 645 1280 694 cetera,
1307 655 1414 695 quae

137 699 175 740 ei
203 698 490 752 pulcherrima
517 698 707 750 miserat,
739 697 957 738 addiderat
977 697 1104 738 etiam
1126 698 1255 738 vitem
1286 711 1416 750 quan·
1435 710 1467 734 ιο

137 753 234 794 dam
264 767 367 795 auro
399 753 611 804 effectam,
653 755 693 793 et
725 752 779 793 ob
816 752 859 792 id
887 766 963 806 per
1000 753 1182 806 populos
1211 766 1416 794 memora-

136 809 279 850 bilem.
356 812 542 850 ceterum
587 807 830 861 Eurypylus
882 808 1039 849 virtute
1092 808 1237 849 multis
1281 807 1417 849 clarus

135 863 359 906 Moesiacis
413 864 540 906 modo
595 863 833 917 Ceteiisque
892 863 1123 905 instructus
1176 863 1417 919 legionibus

131 926 303 962 -su'mma
331 920 494 962 laetitia
524 934 548 961 a
568 919 764 961 Troianis
795 923 994 973 exceptus
1024 934 1118 974 spes
1148 934 1294 961 omnes
1324 920 1416 960 bar-

134 976 249 1018 baris
282 977 328 1017 in
357 976 508 1018 melius
539 978 818 1017 converterat.
1434 988 1468 1013 15

247 1031 344 1073 XV.
404 1031 581 1073 Interim
613 1030 763 1072 Graeci
795 1045 889 1072 ossa
919 1031 1100 1072 Achillis
1134 1045 1242 1072 urna
1272 1044 1416 1071 1econ-

135 1087 224 1129 dita
254 1087 536 1141 adiunctaque
567 1087 693 1128 simul
713 1086 900 1128 Patrocli
930 1087 976 1127 in
1005 1086 1132 1142 Sigeo
1164 1086 1415 1149 sepelivere:

137 1143 204 1184 cui
236 1142 509 1197 sepulchrum
540 1143 669 1183 etiam
690 1142 970 1184 extruendum
1000 1143 1052 1184 ab
1075 1143 1154 1195 his,
1187 1142 1259 1196 qui
1290 1156 1334 1182 111
1366 1155 1415 1182 eo

137 1198 232 1240 loco
261 1197 497 1251 habebant,
528 1198 719 1240 mercede
749 1199 860 1239 Aiax
900 1198 1011 1239 locat
1055 1198 1307 1260 indignatus
1332 1197 1415 1238 iam

136 1253 186 1295 de
218 1253 412 1308 Graecis,
444 1254 558 1308 quod
587 1254 697 1295 1111111
727 1254 773 1295 111
803 1254 870 1295 his
901 1253 1077 1308 dignum
1108 1254 1266 1296 doloris
1296 1253 1414 1294 iuxta
1431 1267 1466 1291 20

135 1309 407 1352 amissionem
438 1310 548 1351 tanti
585 1310 726 1351 herois
765 1309 1132 1351 animadverterat.
1190 1323 1266 1363 per
1305 1308 1416 1350 idem

133 1369 301 1420 tempus
330 1365 539 1420 Pyrrhus,
581 1380 706 1420 quem
744 1365 1072 1419 Neoptolemum
1110 1365 1416 1416 memorabant,

134 1422 305 1476 genitus
326 1421 495 1463 Achille
525 1435 575 1462 ex
591 1421 815 1463 Deidamia
835 1421 1084 1475 Lycomedis
1113 1420 1416 1475 superveniens

136 1476 313 1518 offendit
343 1477 555 1518 tumulum
594 1480 830 1519 extructum
870 1478 953 1518 iam
984 1491 1034 1518 ex
1071 1480 1189 1531 parte
1219 1476 1414 1517 maxima.

135 1532 234 1574 dein
262 1536 536 1587 percontatus
577 1534 736 1574 exitum
767 1537 968 1587 paternae
999 1533 1148 1574 mortis
1186 1531 1413 1594 Myrmido-
1434 1543 1468 1569 2⁵

133 1603 210 1630 nas
249 1591 417 1651 gentem
455 1588 732 1631 fortissimam
770 1592 811 1630 et
849 1588 1040 1630 inclitam
1070 1587 1257 1630 bellandi
1288 1587 1416 1629 armis

135 1647 262 1698 atque
293 1645 446 1686 animis
477 1645 720 1697 confirmat,
757 1644 1042 1707 impositoque
1071 1643 1265 1686 faciendo
1297 1643 1415 1697 operi

134 1699 350 1741 Phoenice
381 1701 434 1741 ad
456 1715 585 1741 naves
615 1704 742 1754 atque
773 1700 825 1740 ad
854 1700 1041 1742 tentoria
1069 1699 1257 1754 parentis
1278 1698 1414 1739 vadit:

136 1755 195 1796 ibi
227 1755 445 1797 custodem
485 1770 626 1797 rerum
657 1756 837 1797 Achillis
867 1755 1199 1810 Hippodamiam
1231 1753 1415 1796 animad-

227 1928 247 1958 9
272 1909 426 1958 Ptolem.
452 1925 503 1958 VI
529 1936 561 1967 p.
586 1927 642 1966 37,
673 1927 724 1957 14.

225 1971 302 2003 XV.
327 1969 452 2002 Const.
478 1970 638 2002 Manass.
663 1971 718 2001 29.

225 2128 245 2159 6
270 2127 367 2158 inter
399 2136 491 2168 quae
523 2130 598 2157 tam
628 2125 727 2158 laeta
754 2125 786 2157 P
891 2127 932 2158 13
964 2126 1170 2167 ceterisque
1204 2125 1266 2158 GB
1315 2124 1416 2156 citis-

136 2181 205 2213 que
231 2171 262 2202 A
301 2170 484 2203 Obrechlus
514 2172 656 2203 coniecit
686 2169 894 2211 Ceteiisqne
988 2173 1029 2203 16
1054 2181 1168 2202 urnae
1200 2171 1281 2202 edit.
1305 2170 1414 2210 prim.

136 2215 184 2248 cf.
206 2217 238 2250 8.
267 2216 318 2247 18.
337 2217 369 2247 V
390 2217 440 2248 15.
513 2217 554 2247 19
579 2215 798 2247 habitabant
829 2215 893 2246 VP
949 2216 989 2247 21
1018 2215 1329 2247 animaduerteret
1347 2213 1417 2244 BV

136 2261 179 2292 25
202 2260 408 2337 goctusque
438 2264 518 2302 post
548 2261 664 2292 mortis
695 2261 774 2292 add.
800 2260 865 2292 VP
984 2260 1027 2292 28
1060 2260 1216 2302 phynice
1245 2259 1271 2291 G
1299 2259 1304 2299 Ι
1331 2267 1414 2290 con-

135 2308 199 2337 ten
226 2305 255 2336 it
279 2305 323 2337 B.
