1621 2550
180 110 236 152 24
595 111 767 144 DICTYS
792 110 1060 143 CRETENSIS

181 210 424 264 Aesculapii
462 210 572 251 filios
611 209 850 262 adhiberet,
887 222 1067 262 propere
1101 209 1242 264 Argos
1271 210 1461 266 navigat.

181 266 278 307 dein
309 266 471 308 cunctis
502 266 677 306 ducibus
708 279 877 306 causam
898 264 1104 305 adventus
1135 265 1224 307 eius
1253 266 1460 308 admiran-

180 323 294 363 tibus
333 321 551 363 oraculum
590 321 720 362 refert
757 323 884 374 atque
915 320 975 361 ita
1005 323 1118 373 orat,
1149 335 1202 362 ne
1233 322 1313 363 sibi
1343 337 1460 376 prae-

181 377 339 419 dictum
377 376 610 418 remedium
648 377 699 417 ab
739 376 885 417 amicis
929 378 1170 430 negaretur.
1242 391 1349 431 quae
1388 378 1460 419 ubi

147 447 162 469 ⁵
182 447 378 487 accepere
417 433 605 474 Achilles
643 446 739 473 cum
779 431 1016 473 Machaone
1061 434 1104 473 et
1138 431 1355 476 Podalirio
1393 433 1461 475 ad-

129 725 160 749 10

125 1284 157 1308 20

179 489 390 538 hibentes
409 503 557 530 curam
597 488 762 529 vulneri
807 488 926 528 brevi
962 487 1089 528 fidem
1127 488 1287 530 oraculi
1323 490 1461 530 firma-

179 559 290 587 vere.
350 548 535 586 ceterum
573 543 725 584 Graeci
768 543 912 584 multis
958 543 1320 586 immolationibus
1361 544 1463 586 deos

181 601 392 642 adiutores
441 601 611 654 incepto
657 600 904 641 invocantes
958 599 1157 640 Aulidam
1211 614 1306 641 cum
1343 614 1462 654 prae·

182 657 303 698 dictis
333 657 514 697 navibus
545 656 723 697 veniunt
753 659 879 709 atque
922 654 1019 696 inde
1049 669 1229 709 propere
1259 656 1464 711 navigare

179 712 481 767 incipientibus
513 711 595 752 dux
617 711 829 765 Telephus
860 711 912 752 ob
945 714 1160 765 acceptam
1191 712 1372 766 gratiam
1401 711 1462 752 fa-

179 771 283 812 etus.
342 769 403 809 ita
442 768 625 809 ascensis
665 767 846 808 navibus
876 770 1026 808 ventos
1056 768 1171 809 nacti
1201 768 1347 821 paucis
1378 768 1461 809 die-

178 824 255 865 bus
287 824 339 864 ad
369 823 540 865 Troiam
571 837 813 877 pervenere.

289 879 363 921 XI.
423 879 504 921 Per
545 879 657 920 idem
693 883 859 932 tempus
899 877 1118 932 Sarpedon
1156 878 1310 933 Lycius
1348 878 1462 920 Xan·

177 935 241 976 thi
280 938 322 976 et
368 934 622 977 Laodamiae
672 934 970 988 frequentibus
1014 935 1176 975 nuntiis
1221 949 1246 976 a
1292 934 1463 976 Priamo

144 1005 158 1027 .›·‚
177 991 335 1032 accitus
385 1005 479 1032 cum
525 1004 683 1046 magna
721 994 981 1032 armatorum
1020 1005 1147 1031 manu
1187 990 1460 1031 adventabat.

176 1047 211 1087 is
248 1047 321 1088 ubi
365 1047 663 1088 animadvertit
700 1046 848 1100 procul
898 1060 1097 1101 magnam
1134 1046 1221 1086 vim
1260 1046 1459 1087 classium

177 1101 391 1144 admotam
431 1103 568 1156 litori,
607 1106 722 1143 ratus
771 1106 817 1143 ut
861 1103 1080 1157 negotium
1123 1104 1232 1155 erat,
1278 1116 1458 1156 propere

177 1173 274 1200 suos
305 1159 477 1200 instruit
499 1159 766 1213 Graecosque
798 1158 968 1213 degredi
997 1157 1250 1211 incipientes
1279 1157 1460 1199 invadit.

176 1229 314 1268 neque
345 1214 479 1256 multo
511 1218 608 1268 post
638 1229 683 1255 re
715 1215 887 1269 cognita
919 1213 1157 1255 Priamidae
1188 1214 1367 1268 arreptis
1397 1228 1458 1255 ar-

176 1272 256 1311 mis
288 1273 532 1312 accurrunt:
565 1285 660 1312 011111
691 1271 862 1311 interim
885 1269 1034 1311 Graeci
1066 1269 1244 1310 infensis
1265 1269 1462 1311 hostibus

177 1330 219 1367 et
249 1327 365 1367 omni
404 1326 529 1368 modo
570 1326 829 1367 instantibus
869 1340 1007 1380 neque
1045 1325 1217 1380 degredi
1248 1325 1339 1367 sine
1369 1340 1462 1380 per·

175 1382 285 1422 nicie
315 1397 454 1436 neque
485 1397 601 1423 arma
633 1396 779 1436 capere
811 1382 991 1423 turbatis
1023 1381 1221 1423 omnibus
1261 1384 1303 1422 et
1333 1383 1387 1423 ob
1418 1382 1461 1423 id

176 1440 328 1479 cuncta
357 1438 686 1492 impedientibus
707 1441 894 1492 possent.
944 1437 996 1478 ad
1025 1440 1287 1492 postremum
1317 1441 1463 1479 tamen

173 1493 238 1546 111,
271 1494 424 1547 quibus
455 1494 501 1534 in
523 1508 570 1534 ea
600 1494 875 1535 festinatione
898 1492 1088 1534 armandi
1120 1496 1253 1534 semet
1273 1496 1464 1547 potestas

143 1563 156 1584 ἰ
173 1549 274 1603 fuit,
306 1550 546 1591 confirmati
585 1549 696 1591 inter
734 1564 776 1591 se
816 1550 999 1591 invicem
1039 1549 1191 1591 acriter
1220 1548 1365 1590 hostes
1395 1549 1458 1591 in·

174 1608 361 1646 currunt.
422 1606 494 1646 sed
524 1606 569 1646 in
600 1620 649 1647 ea
687 1619 832 1660 pugna
862 1605 1141 1659 Protesilaus,
1183 1605 1301 1646 cuius
1339 1606 1460 1646 navis

174 1661 312 1715 prima
351 1662 542 1702 omnium
589 1665 725 1702 terrae
773 1662 943 1702 admota
989 1664 1098 1713 erat,
1145 1661 1256 1702 inter
1304 1661 1464 1714 primos

173 1716 370 1758 bellando
393 1716 445 1757 ad
465 1719 725 1770 postremum
756 1717 841 1758 telo
864 1718 1033 1758 Aeneae
1064 1717 1173 1758 ictus
1203 1717 1301 1757 ruit.
1354 1717 1461 1758 occi-

174 1773 270 1814 dere
301 1773 428 1814 etiam
459 1773 541 1814 duo
573 1772 730 1813 Piiami
761 1773 837 1813 filii
868 1787 1005 1826 neque
1036 1772 1199 1826 reliqua
1228 1772 1456 1815 multitudo

151 1832 300 1883 ·utraq
304 1843 354 1870 ue
386 1843 436 1870 ex
466 1833 585 1882 parte
617 1828 745 1870 cladis
777 1829 865 1870 eius
897 1843 1045 1882 expers
1076 1829 1169 1869 fuit.

285 1884 381 1925 XII.
449 1884 646 1926 Ceterum
692 1884 880 1926 Achilles
929 1888 970 1926 et
1021 1885 1130 1925 Aiax
1175 1883 1462 1938 Telamonius,

175 1955 355 2003 quorum
393 1941 548 1982 virtute
589 1941 737 1982 Graeci
778 1941 1147 1993 sustentabantm,
1187 1954 1343 1995 magna
1373 1941 1464 1996 glo-

174 2012 239 2038 ria
269 1996 518 2038 dimicantes
540 2000 700 2038 metum
732 1996 927 2038 hostibus
959 2000 1000 2038 et
1022 1974 1218 2037 fiduciam
1250 1997 1336 2038 suis
1368 1997 1463 2038 efle-

175 2067 279 2095 eere.
340 2067 477 2107 neque
516 2053 696 2107 amplius
727 2053 865 2094 resisti
905 2053 989 2094 iam
1029 2053 1140 2107 apud
1181 2067 1252 2094 eos
1283 2057 1463 2106 poterat,

264 2167 327 2199 XI.
354 2166 434 2199 XII.
462 2166 585 2198 Malal.
616 2168 677 2198 124
704 2165 858 2199 Cedreu.
886 2166 913 2197 P
937 2168 1012 2199 125.
1036 2168 1099 2198 126
1124 2167 1249 2198 'I'zetz.
1271 2166 1461 2198 Antehom.

174 2213 353 2244 222—259
379 2213 516 2243 Auctor
542 2211 616 2243 τῶν
645 2211 824 2253 Τρωϊκῶν
849 2212 885 2242 in
911 2211 950 2243 B.
979 2212 1049 2246 Uff.
1075 2212 1207 2244 xxlx.

266 2326 306 2355 10
331 2321 417 2366 dux]
446 2323 526 2355 dum
555 2324 616 2356 Gli
638 2321 644 2365 1
665 2323 809 2366 accepti
835 2326 947 2356 maluit
974 2323 1166 2356 obv-cemus.
