1621 2550
257 99 336 141 140

277 210 338 232 rus
364 200 398 232 ei
429 211 450 232 a
475 200 723 242 Polymestore
749 200 862 233 tradi-

277 249 352 285 tur,
403 244 666 277 Teuthrantem
714 245 864 284 occidit,

278 290 512 321 Tecmessam
559 290 710 321 abducit
755 290 792 322 H
822 291 863 322 18

276 334 512 366 Tecmessam
574 334 667 366 dono
731 335 865 376 accipit

280 378 315 411 II
335 380 375 410 19
400 378 534 410 multas
560 379 736 411 ciuitates
763 380 864 420 capit

275 423 311 454 ΙΙ
330 424 371 455 27
396 424 438 454 41
480 423 676 455 Hectorem
716 424 864 465 repellit

275 467 309 499 11
333 469 376 500 43
414 467 562 509 legatus
604 467 648 498 ad
685 467 864 500 Achillem

276 511 432 544 mittitur
478 512 514 544 ΙΙ
546 513 590 544 48
662 512 865 554 complures

279 555 373 588 filios
412 557 549 588 Priami
590 557 725 588 occidit
764 557 819 588 111
845 558 863 588 7

275 601 476 633 Hectorem
522 600 688 633 Patrocli
737 611 864 643 corpus

278 646 417 687 eripere
437 646 645 687 cupientem
663 645 771 677 hasta
787 655 864 687 pro-

275 690 401 721 turbat
426 689 480 722 ΙΙΙ
499 691 540 722 10
576 690 743 722 Patrocli
774 700 864 722 mor-

277 739 349 765 tem
367 734 470 776 luget
487 735 542 767 ΠΙ
564 736 600 765 11
621 734 865 776 quadraginta

277 779 401 811 hostes
427 779 531 811 vivos
559 780 660 821 capit
684 780 739 811 III
762 781 802 811 14
827 780 864 810 in

278 823 375 855 ludis
399 823 572 856 Patroclo
598 824 780 855 institutis
806 834 864 856 ce·

276 869 395 900 stibus
431 867 591 909 palmam
627 869 756 908 refert,
792 878 865 900 non

277 912 454 944 luctando
464 912 518 944 111
530 914 570 944 19
581 922 661 944 cum
668 912 862 945 Memnone

277 957 442 999 confligit
477 957 528 988 IV
557 957 576 988 6
621 956 864 998 Polydaman—

276 1004 350 1033 tem
403 1001 652 1043 Antiphonum
697 1002 863 1044 Agauum

275 1045 506 1088 Agathonem
539 1045 717 1078 Glaucum
754 1047 864 1078 inter-

275 1089 351 1122 ficit
387 1090 437 1123 IV
462 1091 480 1122 7
520 1090 699 1122 Achillem
741 1091 865 1123 exani-

274 1145 367 1166 mem
395 1145 412 1167 e
443 1135 526 1167 luco
552 1135 781 1177 Thymbraeo
813 1135 865 1168 ef-

277 1179 350 1212 fert
373 1179 425 1212 IV
444 1181 483 1211 11
510 1180 635 1212 Asium
652 1179 803 1212 Nastem
830 1183 866 1212 et

275 1223 576 1266 Amphimachum
602 1224 739 1256 occidit
756 1225 804 1256 IV
823 1226 864 1256 12

274 1279 403 1301 necem
435 1268 590 1302 Achillis
622 1269 724 1311 luget
748 1269 799 1301 IV
824 1271 865 1301 13

277 1313 310 1345 ei
350 1313 583 1355 sepulchrum
630 1313 866 1345 extruendum

277 1361 382 1389 curat
405 1357 457 1390 IV
475 1359 516 1390 15
550 1368 628 1390 cum
659 1358 768 1391 Ulixe
802 1368 865 1390 ca-

274 1402 328 1444 pit
367 1402 576 1434 Antimachi
616 1402 708 1435 filios
748 1403 798 1434 IV
822 1404 862 1435 21

274 1446 456 1479 Helenam
475 1447 632 1479 interfici
657 1448 761 1480 iubet
777 1449 808 1479 V
825 1450 866 1480 14

276 1496 462 1524 certamen
489 1502 569 1524 cum
585 1492 693 1524 Ulixe
719 1492 763 1524 de
781 1493 865 1525 Pal-

274 1537 373 1569 ladio
406 1537 435 1568 V
461 1538 502 1569 14
528 1539 569 1569 15
617 1537 714 1570 ferro
755 1538 864 1570 inter-

274 1582 412 1622 fectus,
449 1581 613 1623 sepultus
652 1593 674 1614 a
705 1582 863 1624 Neopto-

273 1626 366 1658 lemo
392 1627 429 1657 in
447 1626 608 1659 Rhoeteo
634 1627 664 1656 V
683 1628 724 1659 15
744 1627 864 1661 ‚funus

272 1671 398 1702 Aiacis
424 1671 454 1702 V
475 1672 514 1702 16
541 1672 619 1703 eius
636 1671 703 1703 filii
720 1673 863 1705 Teucro

273 1715 467 1747 traduntur
491 1715 523 1746 V
546 1716 585 1746 16

249 1760 427 1793 Alcinous
452 1770 515 1792 rex
539 1759 749 1792 Phaeacum
774 1761 823 1793 VI
843 1763 862 1793 5

249 1805 457 1838 Alexander
496 1804 678 1846 Phrygius
726 1805 864 1838 Priami

272 1850 388 1889 filius,
421 1849 599 1881 natalitia
629 1854 665 1881 et
697 1849 864 1882 educatio

271 1895 327 1927 111
346 1896 388 1926 26
403 1894 574 1927 Oenones
588 1896 739 1928 maritus
753 1895 806 1927 111
821 1896 863 1928 26

272 1940 323 1972 IV
347 1942 388 1972 21
443 1939 625 1971 Helenam
673 1941 771 1982 rapit
802 1940 819 1972 I
843 1942 863 1972 3

272 1985 306 2017 II
332 1985 352 2017 8
376 1986 416 2016 21
441 1985 484 2016 22
535 1983 677 2016 domum
718 1984 863 2016 rediens

273 2029 318 2061 ad
356 2028 516 2071 Cyprum
555 2029 737 2068 defertur,
775 2029 860 2061 inde

274 2074 319 2106 ad
350 2073 585 2106 Phoeniciam
623 2074 776 2116 nauigat
807 2073 862 2106 Si-

273 2119 531 2160 doniorumque
580 2129 702 2161 regem
751 2120 861 2151 inter—

272 2163 348 2196 ficit
379 2164 394 2195 Ι
421 2167 440 2197 5
471 2164 521 2195 IV
545 2165 565 2195 4
606 2163 742 2196 bellum
782 2174 861 2196 cum

273 2209 426 2242 Graecis
445 2211 550 2250 parat
574 2208 647 2241 118
675 2219 695 2240 a
722 2209 862 2241 duobus

272 2254 445 2286 Aiacibus
481 2253 627 2295 fugatur
659 2254 693 2286 11
723 2256 761 2285 14
789 2255 861 2286 sin-

272 2299 398 2342 gulare
424 2302 606 2331 certamen
635 2309 713 2330 cum
740 2300 861 2330 Mene-

546 100 700 133 INDEX
725 101 954 135 NOMINUM
978 101 1041 134 ΕΤ
1065 102 1247 135 RERUM.

956 202 1014 234 1a0
1040 202 1076 234 11
1094 204 1136 235 39
1161 204 1204 235 40
1228 202 1364 234 Achiui
1388 203 1541 236 insidias
1588 178 1604 244 2}

954 247 1064 279 struit
1100 257 1252 289 eumque
1284 250 1395 279 necat
1425 247 1476 280 lv
1501 249 1540 280 11
1587 272 1591 275 -

955 300 1034 323 cum
1064 290 1277 324 Philocteta
1307 295 1455 324 certans
1489 293 1543 324 in·
1601 287 1607 319 L

955 334 1134 368 terficitur
1163 336 1214 368 IV
1240 337 1280 368 19
1321 336 1429 368 funus
1460 336 1543 368 Ale·
1599 351 1608 389 Ξ

954 380 1086 411 xandri
1109 380 1160 413 IV
1176 381 1218 412 21
1250 380 1318 412 filii
1350 382 1428 414 eius
1454 390 1544 413 casu

957 434 1122 456 camerae
1150 425 1306 457 extincti
1330 425 1360 458 V
1386 427 1406 458 5

932 468 1079 501 Alizoni
1102 469 1139 501 11
1163 470 1205 501 35

933 513 1120 554 Alphenor
1145 514 1268 546 socius
1284 512 1405 546 Ulixis
1430 523 1452 546 a
1467 513 1544 546 filia

957 557 1168 599 Polyphemi
1193 557 1349 590 dilectus
1373 557 1425 590 VI
1450 560 1470 590 5

933 602 1137 634 Amazones

957 647 1013 679 III
1041 648 1080 679 15
1111 647 1161 679 IV
1186 648 1206 678 2

934 691 1179 733 Amphiaraus
1237 694 1345 733 pater
1399 690 1545 734 Amphi—

958 736 1054 768 lochi
1079 736 1095 767 Ι
1122 738 1163 767 14

934 780 1196 822 Amphilochus
1237 780 1334 812 filius
1372 780 1544 822 Amphia-

957 826 1012 857 rai
1037 825 1053 856 1
1077 826 1118 856 14

933 869 1218 911 Amphimachus
1236 879 1255 900 e
1273 868 1385 900 Caria
1401 868 1546 901 Nomio·

956 914 1013 945 nis
1053 913 1149 945 filius
1189 913 1226 945 11
1255 915 1298 946 35
1348 913 1392 945 ab
1431 913 1545 945 Aiace

956 958 1166 991 Telamonio
1191 957 1411 990 interficitur
1434 957 1485 989 IV
1504 958 1545 989 12

933 1002 1216 1045 Amphimachus
1242 1013 1286 1034 ex
1309 1002 1418 1034 Elide
1443 1002 1460 1034 Ι
1481 1003 1522 1034 17

933 1047 1108 1089 Amphius
1151 1047 1308 1089 Meropis
1356 1046 1454 1079 filius
1501 1057 1546 1079 ex

956 1092 1128 1125 Adrestia
1153 1093 1188 1125 11
1212 1093 1255 1124 35

933 1137 1106 1178 Amyclas
1130 1136 1423 1168 Lacedaemonis
1448 1135 1544 1168 filius

956 1181 1082 1224 Argali
1107 1185 1213 1224 pater
1237 1181 1253 1212 I
1277 1182 1297 1212 9

934 1226 1115 1258 Anaxibia
1140 1225 1216 1257 filia
1232 1226 1396 1267 Aeropae
1421 1228 1456 1256 et
1473 1224 1545 1257 Pli-

959 1271 1117 1311 sthenis,
1173 1270 1319 1303 Nestori
1382 1269 1545 1311 denupta

934 1360 1116 1393 Anchises
1147 1359 1243 1391 filius
1277 1357 1412 1402 Capyis
1435 1358 1486 1390 IV
1503 1358 1546 1391 22

935 1404 1167 1437 Andraemon
1213 1408 1318 1446 pater
1363 1403 1545 1436 Thoantis

1211 613 1300 645 gens
1362 601 1544 636 bellicosa

935 1493 1189 1526 Andromacha
1208 1503 1289 1525 cum
1302 1493 1448 1525 Priamo
1465 1502 1547 1534 sup-

956 1539 1040 1580 plex
1104 1538 1151 1570 ad
1210 1537 1389 1571 Achillem
1442 1538 1547 1570 uenit

956 1584 1011 1616 111
1036 1585 1079 1616 20
1103 1585 1144 1615 22
1177 1583 1291 1615 Troia
1317 1588 1426 1625 capta
1450 1582 1548 1614 Neo-

957 1628 1116 1670 ptolemo
1149 1628 1284 1670 obtigit
1313 1628 1344 1660 V
1370 1629 1410 1660 13
1453 1627 1545 1659 Her-

956 1674 1077 1706 miona
1093 1673 1127 1705 ei
1143 1672 1298 1705 insidias
1317 1675 1424 1714 parat
1439 1670 1489 1703 VI
1505 1671 1545 1703 12

957 1728 1045 1759 quas
1076 1721 1115 1748 ut
1153 1717 1333 1759 effugeret
1363 1716 1544 1749 Molossos

957 1763 1071 1794 missa
1098 1766 1154 1794 est
1178 1762 1229 1794 VI
1257 1763 1297 1794 13

934 1806 1049 1838 Anius
1081 1807 1232 1848 eiusque
1264 1805 1360 1838 filiae
1393 1806 1546 1838 Graecis

957 1853 994 1883 in
1030 1851 1161 1883 Aulide
1200 1851 1419 1883 frumentum
1455 1850 1546 1882 alia·
1615 1875 1621 1880 ,

958 1906 1028 1938 que
1043 1896 1257 1928 necessaris.
1275 1895 1455 1938 praebent
1470 1895 1485 1927 1
1502 1896 1546 1928 23

934 1941 1097 1973 Antenor
1122 1940 1220 1972 filius
1239 1939 1490 1973 Cleomestrae
1509 1945 1547 1971 et

956 1988 1139 2027 Aesyetae
1162 1985 1306 2028 legatos
1325 1985 1546 2018 Graecorum

956 2030 1192 2072 hospitaliter
1222 2031 1354 2072 recipit
1385 2031 1401 2062 Ι
1425 2031 1445 2062 6
1475 2039 1546 2062 mo-

953 2086 1030 2107 rum
1055 2075 1235 2107 sanctitas
1264 2075 1282 2106 Ι
1302 2077 1339 2107 11
1367 2076 1406 2106 12
1443 2074 1480 2107 11
1504 2075 1548 2106 24

954 2124 1060 2162 pater
1100 2119 1233 2153 Glauci
1273 2121 1329 2153 111
1360 2121 1402 2151 26
1443 2119 1494 2151 1v
1525 2120 1545 2151 '1

955 2166 984 2197 V
1011 2166 1030 2197 2
1058 2164 1121 2196 alii
1148 2165 1226 2197 eius
1251 2163 1316 2196 filii
1342 2165 1392 2197 lv
1409 2165 1452 2196 22
1478 2164 1507 2196 V
1525 2164 1545 2195 2

955 2220 1032 2242 cum
1059 2209 1213 2242 Graecis
1246 2209 1290 2242 de
1316 2211 1438 2252 patria
1463 2219 1544 2251 pro—

956 2254 1077 2287 denda
1130 2255 1209 2296 agit
1245 2254 1294 2286 IV
1320 2255 1359 2288 18
1390 2255 1432 2286 22
1472 2255 1501 2286 V
1528 2256 1542 2285 1

955 2301 1085 2332 iterum
1120 2299 1267 2342 legatus
1311 2309 1389 2332 cum
1421 2300 1545 2332 Aenea
