1621 2550
210 80 266 121 84
616 79 789 113 DICTYS
815 80 1081 114 CRETENSIS

209 179 304 221 nice
341 182 467 234 atque
507 179 623 221 omni
661 178 981 235 Myrmidonum
1027 181 1212 222 exercitu
1250 194 1391 222 comas
1428 196 1490 224 se-

208 235 389 290 pulchro
434 235 611 289 deponit
653 238 960 290 pernoctatque
1001 237 1048 277 in
1090 237 1197 278 loco.
1270 251 1346 291 per
1378 237 1490 279 idem

209 295 378 346 tempus
408 291 486 332 filii
508 291 776 345 Antimachi‚
805 291 855 333 de
886 307 971 347 quo
1002 307 1130 347 supra
1149 293 1491 347 memoravimus,

211 347 399 389 adiuncti
436 347 597 388 Priami
643 349 768 389 rebus
825 347 878 389 ad
914 347 1125 390 Helenum
1162 349 1341 390 veniunt
1379 364 1493 391 eum-

178 415 194 439 5
215 418 294 457 que
325 405 374 444 ut
403 403 456 444 ad
486 403 716 445 amicitiam
747 418 842 445 cum
872 406 959 445 suis
992 404 1137 446 redeat
1166 405 1390 459 deprecati,
1418 406 1493 447 ubi

211 459 322 500 nihil
359 459 590 513 proficiunt
600 493 611 513 ‚
653 459 705 500 ad
744 474 842 501 suos
871 463 1107 501 remeantes
1136 460 1335 502 Diomedi
1365 464 1492 516 atque

211 515 332 556 Aiaci
362 515 485 556 alteri
515 515 679 556 itineris
716 516 854 557 medio
886 518 1131 557 occurrunt:
1172 517 1224 558 ab
1256 517 1350 571 quis
1380 531 1491 559 eom-

210 571 410 626 prehensi
447 571 723 625 perductique
769 571 821 612 ad
866 586 1016 625 naves,
1061 573 1235 626 quinam
1272 576 1413 614 essent
1450 576 1493 615 et

210 642 299 669 rem
355 627 409 668 ob
457 641 584 681 quam
628 630 835 669 venerant
884 642 1052 669 omnem
1101 628 1342 682 expediunt.
1401 631 1494 670 tum

161 696 193 720 10
211 682 421 724 recordati
460 683 593 737 patris
638 698 785 725 eorum
830 687 872 725 et
915 699 1022 738 quae
1061 684 1283 726 adversum
1327 685 1492 740 legatos

212 739 366 780 dixerit
402 739 660 793 molitusque
700 740 772 791 sit,
811 740 922 781 tradi
957 755 1027 781 eos
1057 741 1334 795 popularibus
1365 744 1491 795 atque

212 798 310 836 ante
348 798 622 850 conspectum
659 796 938 837 barbarorum
974 797 1151 850 produci
1191 797 1359 850 iubent,
1396 797 1494 838 dein

211 851 421 905 lapidibus
458 852 625 893 iniectis
662 853 816 893 necari.
885 853 1053 894 interim
1094 853 1326 894 Alexandri
1363 852 1492 894 funus

212 922 287 961 per
324 910 492 961 portam
529 908 655 948 aliam
686 908 739 948 ad
770 907 996 961 Oenonen,
1028 923 1136 963 quae
1166 909 1205 949 ei
1236 912 1334 950 ante
1364 908 1490 950 Hele-

160 977 193 1000 15
211 977 293 1004 nae
329 965 499 1017 raptum
528 966 752 1017 nupserat,
791 964 1017 1005 necessarii
1055 965 1121 1006 sui
1151 965 1214 1006 uti
1245 965 1496 1019 sepeliretur

210 1018 444 1074 perferunt.
506 1020 579 1061 sed
615 1019 751 1061 fertur
788 1019 996 1062 Oenonen
1034 1021 1125 1062 viso
1164 1021 1366 1062 cadavere
1396 1021 1495 1063 Ale-

210 1075 363 1116 xandri
393 1075 497 1117 adeo
529 1079 804 1130 commotam,
844 1077 908 1118 uti
939 1077 1092 1118 amissa
1122 1080 1264 1118 mente
1296 1078 1492 1131 obstupe-

210 1131 333 1173 fieret
369 1145 417 1173 ae
453 1131 660 1186 paulatim
704 1147 780 1186 per
817 1147 1052 1174 maerorem
1093 1133 1313 1174 deficiente
1351 1133 1494 1176 animo

212 1187 465 1229 concideret.
539 1190 666 1242 atque
713 1189 774 1229 ita
818 1204 903 1230 uno
942 1189 1173 1244 eodemque
1211 1189 1360 1231 funere
1399 1204 1496 1231 cum

162 1256 196 1282 20
213 1243 459 1285 Alexandro
472 1245 744 1299 ‘contegitur

325 1299 463 1340 XXII.
525 1299 723 1342 Ceterum
754 1300 946 1354 Troiani,
987 1301 1059 1342 ubi
1098 1301 1232 1342 hostis
1267 1301 1398 1342 muris
1434 1301 1497 1342 in·

212 1355 346 1397 festus
376 1356 512 1411 magis
542 1356 762 1411 magisque
794 1357 948 1411 saevit,
987 1371 1127 1411 neque
1158 1357 1243 1397 iam
1272 1357 1497 1398 resistendi

213 1411 437 1453 moenibus
469 1426 563 1466 spes
592 1412 772 1453 ulterius
811 1415 875 1453 est
904 1415 978 1454 aut
1008 1413 1118 1454 vires
1149 1413 1313 1466 valent,
1354 1413 1497 1455 cuncti

213 1482 409 1522 proceres
440 1468 693 1510 seditionem
724 1468 924 1510 adversus
946 1468 1164 1510 Priamum
1196 1469 1408 1510 extollunt
1438 1473 1498 1511 at-

163 1537 197 1563 25
216 1539 297 1579 que
343 1524 432 1565 eius
477 1524 669 1579 regulos:
715 1525 897 1579 denique
940 1525 1074 1567 accito
1119 1526 1268 1567 Aenea
1314 1525 1498 1580 filiisque

214 1580 448 1622 Antenoris
489 1580 722 1622 decernunt
754 1581 867 1623 inter
896 1595 961 1635 se,
1001 1582 1065 1623 uti
1096 1581 1262 1623 Helena
1292 1595 1387 1623 eum
1418 1581 1498 1635 his,

216 1651 322 1690 quae
362 1636 505 1678 ablata
543 1640 683 1690 erant,
725 1638 777 1678 ad
806 1637 1049 1679 Menelaum
1089 1638 1322 1679 duceretur.
1383 1637 1498 1692 quod

213 1694 441 1747 postquam
485 1692 736 1746 Deiphobus
790 1694 1012 1748 cognovit,
1062 1694 1299 1735 traductam
1352 1693 1405 1734 ad
1454 1709 1497 1736 se

215 1747 424 1789 Helenam
448 1749 721 1790 matrimonio
753 1750 833 1790 sibi
863 1750 1069 1804 adiungit.
1121 1753 1307 1791 ceterum
1337 1750 1499 1805 ingres-

164 1817 197 1842 30
216 1819 286 1846 sus
317 1805 547 1846 concilium
577 1805 792 1859 Priamus,
825 1806 898 1846 ubi
927 1806 1061 1846 multa
1091 1806 1143 1847 ab
1174 1807 1321 1847 Aenea
1352 1809 1499 1848 contu-

214 1860 392 1902 meliosa
421 1861 588 1916 ingesta
617 1865 728 1915 sunt,
760 1861 813 1903 ad
842 1865 1104 1916 postremum
1136 1877 1186 1903 ex
1208 1862 1375 1903 consilii
1406 1877 1499 1904 sen-

215 1917 351 1958 tentia
388 1917 507 1959 iubet
545 1917 598 1959 ad
636 1918 819 1959 Graecos
859 1932 952 1959 cum
992 1918 1202 1960 mandatis
1241 1918 1342 1960 belli
1373 1918 1500 1973 depo-

215 1973 345 2014 nendi
384 1974 445 2014 ire
484 1975 770 2016 Antenorem:
810 1975 884 2029 qui
923 1989 972 2016 ex
1010 1975 1142 2016 muris
1181 1975 1351 2030 signum
1386 1975 1499 2030 lega-

215 2029 346 2071 tionis
386 2030 634 2084 ostendens,
682 2031 754 2072 ubi
799 2046 825 2072 a
867 2031 1023 2073 nostris
1069 2045 1279 2073 recessum
1324 2035 1406 2084 est,
1447 2031 1500 2073 ad

166 2097 199 2122 85
217 2100 348 2127 naves
379 2086 509 2128 venit.
574 2088 644 2128 ubi
683 2087 868 2142 benigne
906 2087 1111 2129 salutatus
1142 2092 1269 2142 atque
1299 2090 1499 2142 exceptus

308 2214 327 2243 3
359 2211 402 2243 de
436 2212 563 2254 quibus
596 2214 667 2244 PV
773 2215 813 2245 14
851 2224 915 2256 per
947 2218 1088 2255 partem
1129 2213 1238 2245 aliam
1274 2216 1402 2255 portae
1437 2213 1500 2246 03

215 2261 363 2288 nostrum
393 2257 599 2289 heder-{chus
688 2259 727 2290 14
756 2259 795 2290 16
827 2262 1018 2291 teononem
1045 2259 1073 2291 G
1163 2261 1203 2291 31
1229 2258 1267 2290 in
1297 2258 1446 2290 concilii
1472 2258 1501 2290 G

217 2310 313 2333 cons.
344 2301 374 2332 B
424 2311 468 2336 ex
493 2312 590 2335 cons.
620 2304 693 2335 VP.

1555 0 1589 143 ἶ
