1621 2550
448 106 597 139 BELLI
621 105 820 138 TROIANI
846 105 936 137 LlB.
963 106 1009 138 11.
1317 108 1370 148 33

85 208 303 248 auctorem
322 204 495 259 pessimi
525 203 727 245 facin01is
749 206 1039 258 sequerentur.
1091 219 1228 259 neque
1250 207 1370 261 igno-

88 275 182 303 rare
213 274 489 316 quemquam,
529 259 563 300 si
594 262 681 301 tam
713 263 835 301 atrox
866 260 1023 301 iniuria
1053 242 1291 314 probanda?
1302 263 1369 314 sit,

85 317 178 359 fore
207 317 270 359 uti
290 316 402 380 malo
423 315 616 369 exemplo
638 314 912 357 disseminato
939 330 1014 369 per
1034 316 1266 358 mortales
1256 332 1370 370 ipsos

85 373 227 426 etiam,
257 372 330 426 qui
357 371 471 413 haud
500 371 627 426 longe
660 371 866 424 abessent,
897 371 1052 412 similia
1080 375 1154 413 aut
1175 373 1372 427 glaviora

86 428 203 470 hisce
222 429 513 482 sequerentur.
564 440 625 480 ea,
656 429 703 468 ut
733 430 855 469 erant
875 428 1046 480 atrocia,
1080 429 1223 469 cuncti
1251 429 1370 470 taciti
1389 441 1405 468 5

86 485 200 526 inter
229 498 274 526 se
303 486 499 538 reputare
530 483 673 525 animo
705 486 831 538 atque
870 483 929 525 ita
960 484 1199 538 exemplum
1230 484 1372 526 huius-

87 539 204 582 modi
251 539 530 581 abhorrentes
584 539 880 594 indignatione
927 553 1068 581 rerum
1120 541 1370 594 permoveri.

90 596 189 638 dein
219 595 346 638 solito
377 609 494 637 more
514 595 751 650 pel-rogatis
782 596 996 637 seniorum
1028 596 1250 637 sententiis
1281 597 1373 659 pari

86 665 296 694 consensu
318 652 509 694 omnium
526 650 768 692 Menelaum
790 651 965 706 indigne
980 666 1150 706 passum
1174 652 1373 693 iniuriam

87 708 347 760 decernitur,
379 707 470 749 solo
493 707 684 748 omnium
706 707 965 749 Antimacho
997 708 1042 748 in
1073 708 1254 763 gratiam
1275 707 1373 749 Ale·
1393 721 1424 746 ιο

88 763 240 805 xandri
284 762 507 804 adversum
554 765 731 804 cunctos
778 763 1047 805 reclamante.
1122 777 1170 805 ac
1217 764 1373 817 statim,

87 819 163 874 qui
192 819 243 860 de
275 818 473 860 omnibus
493 818 739 860 nuntiatum
769 818 822 859 ad
842 818 1061 860 Priamum
1090 819 1373 872 mitterentur,

89 875 215 917 electi
246 875 350 917 duo:
382 874 511 929 hique
542 875 654 916 inter
684 879 841 929 cetera,
874 889 981 930 quae
1012 876 1210 917 mandata
1240 878 1372 928 erant,

89 931 220 973 etiam
249 931 299 972 de
330 930 544 985 Polydoro
576 930 741 973 docent.

198 986 358 1028 XXIV.
408 986 471 1028 Ea
502 987 574 1028 ubi
604 993 678 1028 re'x
708 988 888 1042 accepit,
921 988 1101 1029 maxime
1132 990 1375 1029 consterna·
1394 1000 1426 1025 15

89 1045 159 1085 tus
196 1043 273 1084 fflii
310 1043 464 1085 nuntio
504 1046 603 1084 ante
641 1057 715 1084 ora
754 1043 944 1085 omnium
983 1044 1153 1085 colruit.
1222 1043 1321 1084 dein
1351 1057 1374 1084 a

87 1099 460 1141 circumstantibus
489 1098 672 1140 refectus
692 1099 908 1153 paulisper
928 1100 1124 1155 erigitm:
1157 1102 1284 1153 atque
1313 1100 1374 1140 ire

86 1155 134 1197 in
163 1155 388 1197 consilium
418 1155 593 1210 cupiens
630 1156 683 1196 ab
720 1156 879 1211 regulis
917 1156 1129 1197 cohibitus
1168 1158 1243 1197 est.
1294 1155 1375 1209 ipsi

85 1225 272 1265 namque
302 1211 450 1253 relicto
488 1214 609 1265 patre
653 1215 912 1253 conventum
942 1212 1195 1266 inrumpunt
1238 1211 1290 1252 ad
1333 1211 1374 1252 id

87 1270 276 1322 tempus,
329 1281 412 1322 quo
459 1267 742 1309 Antimachus
793 1267 938 1309 multis
983 1269 1028 1309 in
1073 1267 1375 1310 contumeliam
1394 1279 1426 1304 20

89 1322 349 1365 Graecorum
387 1324 610 1377 praeiactis
648 1324 815 1378 probris
862 1327 954 1365 tum
1002 1323 1170 1365 demum
1219 1323 1375 1365 dimitti

89 1377 333 1420 Menelaum
364 1380 516 1433 aiebat,
548 1380 583 1421 si
604 1379 842 1434 Polydorus
873 1379 1129 1433 redderetur,
1161 1383 1374 1433 postremo

89 1434 272 1476 eundem
310 1449 453 1477 casum
500 1439 626 1490 atque
673 1437 833 1477 exitum
870 1436 1089 1490 utriusque
1139 1435 1376 1477 custodien—

89 1491 203 1532 dum.
277 1491 498 1533 adversum
544 1506 652 1546 quae
704 1493 867 1534 cunctis
913 1492 1136 1533 silentibus
1180 1493 1376 1533 Antenor

90 1547 299 1601 resistere,
331 1561 380 1589 ac
409 1562 464 1589 ne
495 1548 597 1602 quid
617 1547 861 1590 huiusmodi
882 1547 1189 1600 decerneretur,
1220 1560 1377 1602 magna
1394 1558 1427 1583 25

88 1604 132 1644 vi
176 1617 427 1667 repugnare.
497 1604 570 1645 sed
611 1607 837 1659 postquam
883 1604 1066 1645 invicem
1102 1581 1237 1645 mult-a
1278 1617 1377 1645 con

90 1662 260 1714 sumpta
289 1660 482 1701 oratione
514 1663 728 1701 certamen
759 1675 906 1702 eorum
943 1660 995 1701 ad
1029 1674 1180 1700 manus
1211 1673 1377 1713 proces-

88 1718 220 1769 serat,
261 1729 407 1757 omnes
445 1717 518 1770 qui
556 1716 731 1757 aderant
769 1716 1007 1770 inquietum
1044 1729 1092 1757 ac
1130 1715 1377 1757 seditiosum

89 1749 395 1813 Antimachum
425 1773 753 1826 pronuntiantes
784 1786 806 1813 e
837 1773 953 1814 curia
983 1773 1153 1813 eiecere

201 1827 337 1880 XXV.
399 1827 482 1870 Sed
519 1829 593 1870 ubi
623 1828 861 1870 Priamidae
899 1829 1079 1883 ingressi
1115 1830 1234 1880 sunt,
1267 1827 1375 1869 Pan·
1394 1839 1426 1864 3»

89 1883 189 1925 thus
210 1875 438 1926 Hectorem
470 1885 707 1938 obsecrans,
739 1899 839 1926 nam
870 1885 905 1926 is
936 1885 1048 1926 inter
1078 1884 1256 1947 regulos·
1279 1897 1374 1925 cum

90 1940 247 1982 virtute
285 1943 377 1982 tum
407 1941 585 1983 consilio
625 1918 762 1983 bonus
792 1940 1060 1994 credebatur
1096 1939 1279 1993 hortari,
1311 1939 1374 1980 uti

90 1995 257 2037 Helena
293 2010 408 2038 nunc
445 1997 735 2051 potissimum,
767 2011 862 2039 cum
894 1997 1044 2038 Graeci
1075 1995 1287 2050 supplices
1318 1995 1373 2037 ob

89 2051 199 2093 hanc
229 2065 398 2094 causam
420 2053 648 2106 venissent,
680 2067 775 2095 cum
797 2050 983 2094 amicitia
1004 2052 1269 2094 redderetur:
1301 2066 1372 2093 ne-

88 2121 170 2162 que
208 2122 358 2172 parum
397 2109 640 2151 Alexandro
688 2109 740 2151 ad
787 2109 1043 2164 explendum
1089 2122 1296 2161 amor,em
1338 2108 1372 2149 si
1391 2119 1425 2144 3

88 2177 214 2219 quem
245 2165 356 2206 circa
375 2164 585 2207 Helenam
605 2166 824 2219 habuerat,
845 2168 1121 2207 transactum.
1173 2141 1370 2219 quocirca

179 2281 200 2311 2
225 2289 442 2322 quemquam
468 2281 555 2322 quin
580 2281 667 2322 libri,
695 2281 781 2322 quin
799 2280 922 2312 deleuit
939 2280 1159 2313 Dedericlzus.
1225 2279 1267 2310 29
1288 2287 1376 2310 nun-

91 2323 208 2356 tiante
233 2334 271 2357 se
297 2325 325 2357 G
417 2327 457 2358 31
486 2325 541 2358 his
569 2325 596 2358 G
688 2327 730 2358 35
757 2324 969 2367 explendam
1000 2325 1037 2357 G.

161 2385 283 2411 Dtch.
1155 2393 1174 2423 3
