1621 2550
437 81 584 114 BELLI
609 79 812 113 TROIANI
837 80 929 113 LIB.
953 80 1021 115 111.
1315 82 1370 124 65

93 180 176 222 1100
206 180 359 235 exiguo
380 179 532 233 spiritu
562 177 688 220 simul
708 177 885 220 auferes.
936 178 1083 220 adsum
1113 180 1238 233 ultro,
1260 182 1368 223 nihil

95 236 308 290 deprecor,
339 234 407 275 vel
427 235 463 276 si
492 234 553 275 ita
572 233 688 276 cordi
709 236 784 287 est,
815 234 923 276 habe
954 234 998 275 in
1029 235 1219 276 custodia
1241 239 1369 290 capti-

94 291 251 333 vitatis.
301 304 438 344 neque
469 290 583 331 enim
613 289 718 331 mihi
756 290 981 344 quicquam
1018 290 1103 331 iam
1142 292 1369 345 superioris

92 347 291 389 fortunae
327 345 539 400 reliquum
583 347 665 398 est,
713 347 880 408 quippe
916 346 1141 387 interfecto
1187 346 1370 389 Hect01e

93 405 247 444 cuncta
275 401 397 457 regni
418 401 650 443 concidere.
701 401 774 442 sed
804 401 839 442 si
869 401 954 442 iam
976 400 1176 443 Graeciae
1204 403 1306 444 univ
1310 417 1371 444 01-

95 472 166 500 330
197 459 252 500 ob
281 471 472 499 meorum
502 457 610 498 111310
641 457 834 499 0011311113
871 457 972 498 33113
1001 471 1235 511 poenarum
1266 458 1372 500 filio

96 528 191 556 rum
221 513 429 569 sanguine
467 515 509 554 et
537 513 642 554 meis
672 513 885 554 aerumnis
918 512 1136 567 [persolvi‚
1175 514 1371 555 miserere

94 568 260 626 aetatis]
300 571 345 611 at
381 569 481 610 deos
510 568 753 611 recordatus
783 572 980 622 retorque
1010 568 1175 610 animos
1206 569 1257 610 ad
1287 571 1374 623 pie-

94 629 245 667 tatem:
277 625 459 667 concede
488 624 676 678 parvulis
706 624 847 666 saltim
884 638 972 665 non
1008 625 1194 665 animam
1223 639 1372 687 paren-

94 681 150 722 113
187 681 261 722 sed
297 679 475 722 cadaver
513 680 851 734 deprecantibus.
918 680 1063 721 veniat
1099 680 1143 720 in
1182 681 1371 722 animum
1391 695 1423 719 ιο

94 735 330 777 recordatio
368 735 558 789 parentis
595 736 658 776 tui
701 749 847 777 omnes
886 749 1006 776 curas
1036 736 1287 790 vigiliasque
1328 736 1373 777 in

93 794 135 833 te
169 793 374 845 tuamque
409 790 587 832 salutem
632 791 918 845 inpendentis.
993 791 1064 832 sed
1103 791 1165 832 illi
1202 791 1373 845 quidem

95 849 249 888 cuncta
277 848 508 888 secundum
539 861 615 888 sua
644 851 744 888 vota
772 847 1029 901 proveniant
1058 846 1269 902 longeque
1300 847 1373 888 ali-

93 906 159 949 ter
187 915 325 956 neque
355 902 438 943 mei
469 902 650 943 similem
680 905 892 944 senectam
923 901 1090 957 degat“.

207 957 344 1001 XXII.
402 957 570 999 Interea
600 958 699 999 dum
729 958 833 1000 haec
871 961 1191 1011 commemor,at
1230 958 1373 1012 paula-
1392 971 1423 996 15

94 1015 173 1056 tim
203 1014 346 1055 31111110
377 1013 552 1055 deficere
583 1028 630 1055 ac
661 1014 834 1055 dissolvi
855 1014 1067 1067 membris,
1099 1013 1197 1055 dein
1229 1014 1373 1055 obmu-

95 1073 253 1111 tescere
300 1070 473 1123 occipit,
528 1069 641 1124 quod
685 1071 973 1124 spectaculum
1018 1070 1146 1125 longe
1192 1070 1375 1111 miserri-

95 1139 210 1166 mum
241 1125 459 1178 omnibus,
499 1140 571 1179 qul
600 1128 693 1166 tum
723 1125 918 1179 aderant,
956 1125 1092 1167 dolori
1122 1125 1216 1166 fuit.
1277 1125 1373 1166 dein

94 1180 395 1222 Andromacha
432 1180 633 1235 parvulos
664 1181 860 1224 Hectoris
896 1182 1007 1222 fflios
1044 1184 1142 1222 ante
1173 1181 1373 1222 Achillen

94 1237 355 1333 grosternit,
376 1237 468 1291 ipsa
496 1237 598 1278 fletu
628 1237 893 1279 lamentabili
924 1251 1071 1290 orans,
1103 1237 1166 1278 uti
1197 1237 1277 1278 sibi
1309 1251 1373 1278 ca-
1391 1251 1423 1275 20

124 1307 223 1334 aver
262 1293 455 1347 coniugis
501 1293 657 1335 intueri
702 1293 843 1335 saltim
882 1293 1195 1335 eoneederzetm
1264 1293 1375 1334 111101

95 1348 200 1390 haec
243 1352 331 1390 tam
380 1348 619 1390 miseranda
655 1348 849 1390 Phoenix
888 1349 1106 1390 Priamum
1152 1349 1374 1390 sustollere

95 1407 221 1456 atqoe
258 1404 320 1445 uti
357 1404 545 1445 animum
584 1405 791 1468 reciperet
827 1404 1002 1446 hortari.
1062 1407 1152 1445 tum
1191 1418 1264 1445 rex
1302 1404 1374 1445 ubi

95 1459 142 1501 in
162 1459 428 1514 aliquantum
450 1460 633 1502 revolvit
653 1461 861 1515 spiritum,
892 1461 1014 1502 nixus
1035 1461 1214 1515 genibus
1245 1463 1373 1522 atque

98 1518 275 1570 utraque
297 1530 425 1557 manu
447 1520 574 1570 caput
597 1516 806 1558 dilanians
827 1517 928 1570 „ubi
948 1530 1062 1558 nunc
1083 1516 1157 1557 illa
1178 1517 1269 1557 est“
1299 1515 1370 1568 ait,
1391 1527 1423 1552 2⁵

95 1585 230 1625 „quae
261 1571 373 1625 apud
403 1571 588 1613 Graecos
615 1573 841 1627 praecipue
871 1575 961 1614 erat
996 1573 1106 1613 iusta
1142 1572 1375 1613 misericor-

99 1626 199 1667 dia?
239 1641 294 1668 an
325 1627 463 1668 solum
494 1628 537 1668 in
568 1627 786 1670 Priamum
817 1627 1235 1670 circumscribitur?“

209 1681 368 1724 XXIII.
418 1683 606 1737 Iamque·
623 1685 820 1725 omnibus
841 1683 986 1725 dolore
1006 1683 1210 1737 permotis
1232 1682 1375 1723 Achil-

97 1738 159 1779 les
189 1737 377 1779 decuisse
408 1742 466 1780 ait
495 1739 605 1781 filios
636 1754 729 1781 eum
769 1754 866 1781 suos
897 1739 1021 1781 initio
1061 1739 1113 1780 ab
1151 1753 1200 1780 eo
1210 1772 1221 1792 ‚
1262 1738 1375 1792 quod

97 1793 365 1847 admiserint,
405 1794 594 1837 facinore
632 1795 829 1837 cohibere
874 1810 1012 1849 neque
1050 1795 1190 1849 ipsum
1228 1805 1426 1835 conce-³0

98 1849 235 1891 dendo
274 1850 384 1891 tanti
422 1849 565 1892 delicti
602 1851 853 1905 participem
890 1851 993 1894 fieri.
1062 1853 1247 1892 ceterum
1277 1853 1375 1891 ante
1471 1853 1477 1858 “

97 1905 139 1947 id
178 1906 430 1947 decennium
466 1921 555 1948 non
592 1907 652 1948 ita
689 1907 899 1949 defessum
937 1909 1106 1949 senecta
1138 1907 1288 1958 fuisse,
1328 1908 1376 1946 ut

98 1961 184 2002 suis
223 1961 438 2015 despectui
476 1965 607 2016 esset,
661 1963 733 2004 sed
772 1963 983 2005 obsedisse
1021 1963 1184 2004 animos
1230 1976 1375 2003 eorum

190 2065 206 2095 1
225 2063 349 2095 adsum
369 2074 414 2096 en
430 2064 460 2095 P
475 2066 566 2106 quod
581 2064 764 2097 Obrechtzae
786 2076 804 2097 e
821 2067 969 2107 vestiyiis
986 2067 1066 2097 edit.
1083 2066 1222 2097 Medici.
1243 2065 1377 2096 addidit

97 2109 118 2140 2
149 2108 242 2140 habe
278 2107 306 2139 G
349 2111 504 2149 primitus
534 2109 672 2141 habens
787 2111 805 2142 7
842 2110 1002 2153 percolui
1033 2110 1205 2142 miserere
1242 2109 1377 2141 aetatis

97 2163 160 2185 om.
189 2152 250 2185 GB
274 2153 372 2185 habet
396 2153 429 2184 P
511 2155 531 2186 8
549 2158 587 2185 at
613 2154 675 2186 GB
723 2165 765 2186 ac
793 2155 823 2186 P
907 2157 944 2186 11
966 2155 1002 2186 in
1027 2159 1061 2186 te
1088 2159 1257 2195 tuamque
1281 2154 1376 2185 editt.

97 2201 177 2231 vett.
202 2198 454 2239 intentumque
475 2199 502 2230 G
542 2200 720 2231 intentum
746 2203 857 2241 atque
877 2199 908 2231 B
948 2203 1046 2231 tuam
1072 2200 1108 2230 in
1132 2200 1164 2231 P
1242 2200 1281 2230 21
1309 2208 1377 2228 ma·

98 2243 152 2273 lim
184 2242 289 2274 scribi
323 2242 541 2275 concederet
674 2245 716 2276 24
754 2244 887 2276 refouit
919 2243 980 2286 Pl
1007 2244 1103 2276 nixis
1140 2244 1230 2281 libri,
1271 2243 1378 2274 nixus

99 2287 194 2320 editt.
219 2290 300 2321 uett.

165 2346 286 2372 Dte-m.
1156 2350 1175 2380 5
