1621 2550
467 78 615 111 BELLI
638 78 838 111 TROIANI
864 79 954 111 Lm.
981 80 1046 113 111.
1341 82 1395 123 63

121 177 242 218 licius
263 191 390 231 quam
411 176 607 218 solertius
629 176 914 217 confirmavit:
946 177 1006 217 ita
1027 176 1196 231 dirupto
1226 180 1394 222 vinculo

121 232 318 274 columba
353 246 448 274 cum
483 231 669 273 maxima
705 232 854 285 populi
885 193 1191 274 adclamatione
1229 233 1393 277 decidit.

119 289 307 343 praemia
328 287 570 329 certaminis
592 287 680 328 eius
696 285 909 328 Meriones
931 290 1057 342 atque
1080 287 1225 330 Ulixes
1247 290 1394 331 tulere.

48 350 53 357 ‘
120 343 310 385 Achilles
340 342 498 397 duplici
530 346 647 384 extra
685 342 875 383 ordinem
909 357 1082 384 munere
1113 344 1393 386 Philoctetam

119 399 261 441 donat.

232 454 348 496 XIX.
399 453 534 496 Cursu
564 454 694 508 longo
719 454 977 495 certant-ibus
1000 453 1109 496 Oilei
1132 456 1239 496 Aiax
1262 456 1397 497 victor
1413 432 1421 439 -

120 510 348 564 excipitur,
380 513 476 564 post
511 524 636 563 quem
641 488 881 551 osecundus
911 509 1179 564 Polypoetes.
1239 511 1395 565 duplici

120 581 241 620 camp
244 581 269 608 0
300 565 532 618 Machaon,
571 565 775 619 singulari
805 565 1068 620 Eurypylus,
1107 566 1216 607 saltu
1248 566 1396 629 Tlepo-

120 581 274 675 lemipis,
315 621 428 663 disco
468 620 724 662 Antilochus
765 621 944 662 victores
982 623 1151 663 abeunt.
1212 622 1398 685 praemia

119 677 307 719 luctandi
337 677 497 718 intacta
527 691 816 738 peimansere,
856 678 1012 731 quippe
1042 678 1152 718 Aiax
1191 678 1396 732 arripiens

118 732 304 774 medium
337 731 492 773 Ulixen
530 732 674 785 deicit,
714 747 786 785 qm
824 746 951 773 ruens
988 733 1164 786 pedibus
1202 748 1291 774 elus
1321 733 1398 774 cir—

120 788 418 841 cumvertitur,-
448 790 574 841 atque
605 788 665 828 ita
694 787 940 841 praepedito
980 788 1254 843 obligatoque
1291 790 1393 830 nixu

119 844 230 885 Aiax
267 858 402 898 paene
441 843 522 884 iam
561 844 698 885 victor
742 844 795 884 ad
832 846 987 884 terram
1026 845 1122 885 r.uit
1191 845 1397 885 caestibus

115 899 369 962 reliquoque
410 914 611 940 manuum
651 899 879 941 certamine
917 899 1027 941 idem
1058 900 1167 940 Aiax
1207 900 1397 941 Telamo-

118 956 215 997 nius
244 956 426 1009 palmam
458 955 598 997 r.efert
659 968 782 996 cursu
821 956 865 995 in
895 956 1021 996 armis
1052 959 1265 1019 postremo
1297 956 1397 998 Dio·
1434 976 1448 992 τ

119 1011 260 1053 medes
289 1011 537 1066 praevaluit.
589 1011 687 1052 dein
717 1011 790 1051 ubi
818 1011 1005 1064 praemia
1035 1012 1276 1053 certaminis
1306 1026 1398 1066 per-

119 1067 257 1108 soluta
288 1069 406 1119 sunt,
437 1066 627 1108 Achilles
657 1066 839 1120 primum
871 1067 1062 1108 omnium
1083 1068 1397 1122 Agamemnoni

119 1121 298 1176 donum,
338 1123 450 1176 quod
489 1123 526 1162 ei
565 1122 943 1164 honoratissimum
981 1122 1221 1176 videbatur,
1262 1123 1396 1176 offert,

118 1177 302 1219 secundo
333 1177 526 1230 Nestori,
558 1177 786 1219 Idomeneo
817 1178 964 1231 tertio,
996 1180 1094 1232 post
1123 1193 1229 1232 quos
1260 1178 1393 1220 Poda-

118 1233 214 1275 111-10
247 1236 288 1275 et
311 1232 552 1287 Machaoni,
583 1233 680 1274 dein
711 1233 899 1297 reliquis
915 1248 992 1288 pro
1024 1235 1175 1275 merito
1208 1234 1394 1288 ducibus,
1416 1248 1430 1271 2

119 1289 171 1331 ad
200 1291 461 1343 postremum
484 1303 628 1331 eorum
660 1289 798 1342 sociis,
830 1290 902 1343 qui
933 1291 978 1331 in
1000 1290 1110 1331 bello
1143 1290 1395 1332 occiderant.

120 1345 269 1399 hisque
299 1345 565 1398 mandatum,
596 1345 679 1398 uti,
712 1359 807 1386 cum
837 1348 1003 1399 tempus
1033 1346 1194 1399 fuisset,
1226 1346 1397 1387 domum

119 1400 171 1442 ad
191 1401 449 1442 necessarios
479 1379 625 1442 eoriim
653 1378 902 1455 perferrent.
953 1404 1180 1455 postquam
1210 1401 1397 1443 certandi

119 1458 488 1511 praemiorumque
519 1458 615 1498 finis
644 1457 781 1498 factus
813 1460 854 1498 et
889 1458 973 1498 iam
1004 1457 1086 1498 diei
1118 1472 1266 1510 vesper
1295 1461 1396 1511 erat,

120 1512 172 1553 ad
204 1527 280 1554 sua
309 1513 486 1567 quisque
518 1513 704 1554 tentoria
735 1513 972 1554 discessere.

232 1567 325 1609 XX.
377 1570 438 1609 At
475 1568 580 1610 lucis
618 1569 829 1623 principio
858 1569 1052 1610 Priamus
1083 1569 1252 1623 lugubri
1284 1572 1398 1610 veste

119 1624 359 1665 miserabile
390 1627 525 1666 tectus
564 1625 630 1666 cui
670 1624 792 1666 dolor
821 1639 910 1666 non
941 1624 1065 1666 decus
1095 1625 1280 1679 regium,
1310 1638 1399 1665 non

121 1679 252 1721 ullam
281 1680 391 1721 tanti
422 1680 610 1721 nominis
647 1683 773 1733 atque
811 1680 948 1721 famae
979 1680 1161 1734 speciem
1191 1680 1398 1733 reliquam

120 1735 298 1788 fecerat,
340 1736 536 1776 manibus
568 1735 772 1799 vultuque
810 1736 1070 1789 supplicibus
1109 1735 1162 1777 ad
1201 1735 1398 1798 Achillen

119 1791 237 1833 venit
274 1805 369 1833 cum
390 1791 702 1845 Andromacha,
733 1792 777 1833 in
811 1806 893 1845 qua
913 1806 1001 1833 non
1023 1792 1163 1833 minor
1193 1806 1319 1845 quam
1350 1791 1395 1832 in
1413 1803 1428 1827 3

119 1846 288 1889 Priamo
326 1847 552 1889 miseratio.
611 1862 660 1889 ea
697 1848 853 1902 quippe
893 1847 1129 1889 deformata
1169 1847 1396 1900 multiplici

120 1903 262 1945 modo
279 1904 561 1958 Astyanacta,
593 1918 718 1957 quem
747 1903 947 1945 nonnulli
977 1902 1296 1945 Scamandrium
1328 1917 1398 1956 ap-

119 1959 337 2037 pellabant
374 1961 417 2000 et
454 1959 745 2001 Laodamanta
781 1959 980 2019 parvulos
1019 1959 1243 2000 admodum
1284 1958 1394 2000 filios

259 2061 493 2093 xx--xxlv
519 2061 834 2095 Mala1.157.158
860 2062 1009 2094 Cedren.
1036 2062 1064 2093 P
1084 2061 1250 2093 12721‘28
1275 2061 1396 2093 Tzetz

120 2106 264 2138 Homer.
291 2107 356 2138 307
388 2116 466 2147 seq.
493 2106 616 2138 Coust.
640 2107 800 2138 Manass.
833 2107 860 2138 P
885 2108 928 2139 29
960 2106 1114 2139 Ptolem.
1141 2106 1190 2137 VI
1224 2116 1257 2147 p.
1287 2107 1340 2143 35,
1366 2106 1396 2137 5.

210 2199 230 2229 3
254 2196 425 2228 mei-ionis
454 2196 480 2227 G
589 2198 624 2227 11
655 2196 950 2228 circumuectitur
978 2195 1007 2227 B
1115 2197 1153 2227 19
1188 2195 1342 2226 idomeni
1371 2194 1397 2225 G

121 2239 303 2272 idomenei
328 2240 361 2272 B
438 2242 480 2273 ‘29
506 2241 664 2283 supplici
691 2241 732 2273 Β.
803 2243 843 2274 31
871 2251 1025 2283 quocum
1049 2240 1301 2273 Andromacha
1327 2248 1396 2270 non

121 2285 215 2324 libr-i,
241 2296 331 2318 corr.
358 2285 494 2327 Peiper.

1417 691 1447 713 10
