1621 2550
277 105 449 138 DICTYS
474 104 613 138 CRET.
640 104 787 137 BELLI
811 104 1012 139 TROIANI
1038 106 1131 140 LIB.
1158 107 1185 141 1.
1339 108 1365 147 3

86 205 219 261 igitur
248 217 343 246 cum
378 202 494 244 Nero
534 202 782 256 accepisset,
820 203 1151 256 advertissetque
1182 203 1364 246 Punicas

87 274 176 302 esse
206 259 381 312 litteras,
412 258 564 300 harum
593 258 753 312 peritos
774 257 826 299 ad
856 272 900 300 se
921 259 1134 300 evocavit:
1166 260 1238 312 qui
1269 274 1364 301 cum

85 315 320 368 venissent,
360 314 626 368 interpretati
671 317 770 355 sunt
808 314 964 355 onmia.
1032 328 1211 368 cumque
1249 314 1363 356 Ncro

84 373 310 427 cognosset
339 370 503 424 antiqui
534 369 633 422 viri,
665 370 737 423 qui
768 370 879 422 apud
909 370 1036 411 Ilium
1070 370 1228 424 fuerat,
1260 370 1363 412 haec

84 441 173 469 esse
203 429 501 480 monument-a,
540 425 662 466 iussit
698 426 743 466 in
775 426 982 466 Graecum
1014 440 1252 467 sermonem
1284 427 1365 468 ista
1382 438 1397 460 ⁵

82 481 316 536 transferri,
348 496 369 523 e
401 482 553 535 quibus
574 480 748 522 Troiani
787 481 887 522 belli
918 481 1057 523 verior
1094 484 1235 523 textus
1265 496 1364 523 cun-

83 539 161 580 ctis
181 537 382 580 innotuit.
410 542 512 578 tunc
533 536 819 591 Eupraxidem
842 537 1088 578 muneribus
1109 541 1151 578 et
1171 537 1364 579 Romana

83 594 253 636 civitate
284 593 486 635 donatum
524 593 576 634 ad
606 594 779 646 propria
814 593 988 634 remisit.
1048 593 1224 634 annales
1265 607 1363 634 vero

83 650 255 692 nomine
285 649 433 703 Dictys
472 648 699 701 inscriptos
741 649 785 688 in
817 649 1022 689 Graecam
1063 648 1363 690 bibliothecam

81 705 252 759 recepit,
283 718 463 758 quorum
494 704 644 745 seriem
670 705 741 757 qui
773 704 963 757 sequitur
993 707 1134 745 textus
1164 705 1361 746 ostendit.
1384 716 1414 739 10

465 883 668 930 LIBER
704 882 972 931 PRIMUS.

189 981 221 1023 Ι.
273 981 425 1024 Cuncti
462 995 602 1036 reges,
645 982 718 1036 qui
757 981 915 1023 Minois
955 981 1057 1024 Iove
1095 983 1230 1037 geniti
1268 997 1362 1036 pro·

76 1041 253 1092 nepotes
284 1036 484 1080 Graeciae
523 1037 844 1091 imperitabant,
885 1038 937 1079 ad
970 1038 1216 1079 dividendas
1252 1039 1364 1080 inter

77 1107 119 1135 se
157 1093 280 1135 Atrei
320 1108 421 1148 opes
462 1093 632 1136 Cretam
671 1107 922 1135 convenere.
991 1096 1146 1135 Atreus
1176 1108 1360 1148 namque

75 1163 126 1191 ex
155 1148 300 1191 Minoe
336 1152 552 1204 postrema
589 1164 664 1191 sua
704 1149 904 1191 ordinans
935 1149 1138 1204 quicquid
1177 1150 1269 1190 auri
1300 1153 1360 1191 at-

75 1219 156 1259 que
186 1206 375 1260 argenti,
412 1219 614 1260 pecorum
653 1205 780 1247 etiam
821 1204 925 1259 fuit,
966 1206 1214 1260 nepotibus,
1253 1217 1411 1259 quos15

73 1261 186 1303 filiae
225 1265 481 1317 genuerant,
521 1275 572 1304 ex
611 1275 747 1315 aequo
797 1261 1070 1303 dividendum
1116 1261 1360 1316 reliquerat,

74 1319 249 1371 excepto
272 1317 493 1360 civitatum
513 1320 806 1371 terrarumque
838 1318 1038 1371 imperio:
1070 1317 1174 1358 haec
1204 1318 1361 1371 quippe

71 1372 323 1415 Idomeneus
370 1387 465 1415 cum
511 1373 724 1426 Merione,
772 1373 1047 1415 Deucalionis
1094 1373 1360 1427 Idomeneus,

72 1428 179 1470 alter
208 1427 328 1483 Moli,
358 1429 475 1471 iussu
514 1429 603 1471 eius
640 1442 829 1470 seorsum
859 1429 1059 1470 habuere.
1122 1443 1360 1470 convenere

71 1487 213 1526 autem
259 1483 487 1540 Clymenae
539 1488 581 1526 et
632 1483 791 1539 Naupli
842 1485 1089 1526 Palamedes
1144 1487 1186 1526 et
1232 1487 1358 1526 Oeax:
1378 1495 1410 1520 ‘20

72 1540 175 1582 item
205 1540 442 1595 Menelaus,
474 1542 645 1594 Aeropa
675 1543 717 1582 et
746 1540 965 1582 Plisthcne
995 1540 1188 1595 genitus,
1219 1555 1244 1581 a
1275 1555 1359 1594 quo

75 1596 285 1638 Anaxibia
316 1611 455 1650 soror,
496 1611 603 1650 quae
643 1611 692 1638 eo
731 1599 922 1650 tempore
959 1595 1132 1638 Nestori
1171 1596 1360 1649 denupta

71 1655 161 1692 erat
198 1654 240 1693 et
275 1653 576 1706 Agamemnon
613 1652 748 1692 maior
787 1652 938 1705 frater,
986 1655 1034 1693 ut
1072 1652 1164 1692 vice
1202 1665 1278 1692 sua
1314 1652 1359 1692 in

70 1706 276 1748 divisione
307 1710 516 1760 uteretur,
547 1708 801 1761 petiverant.
862 1707 934 1748 sed
972 1707 1017 1747 hi
1057 1721 1145 1748 non
1176 1706 1356 1748 Plisthe-

68 1763 156 1816 nis,
187 1766 235 1804 ut
265 1766 373 1817 erat,
403 1763 538 1818 magis
569 1777 696 1817 quam
719 1763 838 1804 Atrei
870 1763 1142 1816 dicebantur,
1175 1763 1229 1804 ob
1260 1776 1353 1804 eam
1372 1775 1404 1798 2⁵

69 1831 239 1860 causam
269 1819 381 1872 quod
391 1851 402 1872 ,
442 1833 537 1860 cum
566 1818 807 1860 Plisthenes
837 1818 1064 1860 admodum
1095 1819 1234 1872 parvis
1265 1819 1354 1872 ipse

68 1888 200 1930 agens
221 1875 280 1915 in
309 1875 458 1928 primis
488 1875 612 1916 annis
633 1875 722 1916 vita
750 1874 924 1916 functus
955 1874 1064 1915 nihil
1095 1874 1271 1929 dignum
1302 1874 1353 1915 ad

67 1930 315 1972 memoriam
352 1930 538 1972 nominis
584 1930 840 1985 reliquisset,
888 1933 1046 1971 Atreus
1085 1930 1356 1971 miseratione

68 1986 218 2027 aetatis
249 1999 391 2027 secum
412 2001 483 2028 eos
505 1986 712 2027 habuerat
742 2000 880 2040 neque
902 1987 1044 2027 minus
1067 2000 1194 2040 quam
1216 1986 1356 2041 regios

155 2090 177 2119 4
202 2088 350 2120 fuerunt
369 2087 415 2120 G*
443 2088 590 2120 fuerant
609 2087 657 2121 6²
729 2089 748 2120 Ι7
774 2089 983 2121 muneribus
1009 2099 1028 2121 e
1049 2088 1110 2121 GA
1180 2089 1200 2120 9
1226 2087 1354 2120 biblio-

66 2136 186 2166 tecam
213 2133 241 2165 G
321 2134 361 2165 15
386 2143 579 2174 peccorum
607 2133 635 2165 G
704 2134 747 2166 20
772 2133 924 2166 climene
952 2133 980 2165 G
1049 2133 1134 2165 aiax
1161 2132 1231 2165 GB
1262 2132 1355 2164 Mer-

66 2187 182 2210 cerus:
222 2177 336 2210 Oeax.
397 2177 517 2219 dictys
549 2177 785 2210 excretacida
810 2177 878 2210 GB
908 2177 986 2217 (sed
1016 2177 1178 2210 creteida
1204 2176 1266 2217 B),
1292 2188 1352 2208 ρω-

64 2226 219 2264 punctum
243 2222 444 2255 scholiastae
470 2223 729 2255 additamentum
753 2224 787 2254 in
804 2224 856 2257 ed.
876 2222 955 2256 Obr.
1032 2223 1074 2254 21
1102 2231 1240 2263 europa
1263 2221 1352 2261 libri,

0 2279 2 2281 ·
65 2277 156 2300 corr.
174 2268 207 2298 in
224 2268 319 2299 editt.
338 2271 418 2301 neit.
463 2266 620 2309 plistone
641 2267 703 2299 GB
771 2268 815 2300 24
832 2266 918 2309 non]
935 2268 971 2299 in
992 2267 1020 2299 G
1037 2278 1096 2299 om.
1112 2266 1144 2297 B
1214 2267 1257 2298 25
1274 2269 1353 2297 erat

64 2309 153 2350 libri,
174 2315 280 2344 erant
296 2317 376 2344 uett.
390 2313 484 2345 edite.
539 2313 581 2344 26
596 2313 755 2354 paruisy
786 2322 921 2354 paruus
936 2312 963 2344 G
1024 2313 1066 2343 27
1082 2311 1230 2343 functus
1250 2314 1306 2342 est
1326 2311 1354 2339 G

1109 2369 1124 2398 1
1135 2366 1152 2382 *
