1621 2550
195 104 251 145 44
606 102 781 137 DICTYs
808 103 1072 137 CRETENSIS

196 204 359 258 impetu
380 217 595 257 repressus
627 206 702 244 est.
752 203 884 257 igitur
913 203 965 244 ab
995 203 1154 245 nostris
1174 203 1358 246 clamore
1385 208 1481 248 orto

196 260 406 313 simulque
437 273 532 300 cum
562 259 626 300 ira
655 258 998 313 indignantibus,
1030 260 1144 314 quod
1174 259 1338 302 duobus
1368 276 1482 303 seor-

196 330 289 357 sum
327 315 550 357 adversum
596 329 639 356 se
685 314 836 368 hisque
873 315 1075 369 maxime,
1117 329 1296 370 quorum
1342 318 1483 372 gratia

195 371 354 413 bellum
403 370 634 412 conflatum
683 373 812 424 esset,
861 370 1184 413 decernentibus
1233 376 1408 427 repente
1458 390 1482 415 a

164 440 179 464 5
199 427 395 469 Troianis
425 427 609 480 pessimo
630 440 748 468 more
778 426 1130 481 intercederetur,
1160 442 1305 470 rursus
1328 429 1481 484 globus

196 483 473 524 barbarorum
504 483 710 537 ingruens
740 482 1029 523 Alexandrum
1059 497 1081 524 e
1111 484 1250 525 medio
1282 485 1408 539 rapit.

309 538 420 580 XLI.
476 538 655 579 Interim
693 538 739 578 in
778 552 827 578 ea
863 538 1167 593 permixtione,
1206 539 1307 581 dum
1346 541 1484 582 nostri

196 595 430 647 haesitant,
461 593 681 635 Pandarus
717 593 866 647 procul
904 593 1074 635 adstans
1111 595 1269 637 multos
1301 595 1483 638 Graeco-

197 666 292 691 rum
322 650 487 704 sagittis
518 650 707 705 configit.
757 663 895 703 neque
915 650 1034 704 prius
1054 650 1151 692 finis
1181 650 1332 705 factus,
1354 666 1482 706 quam

149 720 181 745 10
199 705 428 748 Diomedes
459 706 682 747 atrocitate
702 705 764 746 rei
784 709 925 747 motus
945 720 1278 761 progressusque
1310 709 1484 750 commi-

198 777 279 804 nus
309 762 396 803 telo
427 761 595 803 hostem
624 764 924 816 prosterneret.
985 762 1066 804 hoc
1105 763 1232 805 modo
1263 763 1484 806 Pandarus

199 818 442 860 certaminis
480 817 651 859 foedere
694 818 853 859 violato
893 821 1019 872 atque
1057 819 1111 860 ob
1142 819 1186 860 id
1216 819 1487 874 interemptis

198 875 346 916 multis
376 874 429 915 ad
459 876 722 928 postremum
758 888 918 928 poenas
956 874 1275 917 scelestissimae
1306 876 1485 918 militiae

198 931 292 973 luit.
352 932 537 971 ceterum
577 944 728 984 corpus
768 930 857 971 eius
895 930 1120 972 liberatum
1160 945 1210 972 ex
1251 932 1340 973 acie
1370 931 1488 974 Pria-

149 1000 181 1025 15
199 986 336 1028 midae
366 986 458 1041 igni
490 989 698 1027 cremant:
736 986 1021 1040 reliquiasque
1059 987 1163 1028 socii
1196 987 1374 1029 traditas
1404 988 1486 1030 sibi

199 1042 374 1098 Lyciam
404 1043 450 1083 in
480 1042 618 1084 solum
639 1042 825 1096 patrium
855 1042 1078 1096 pertulere.
1128 1043 1300 1084 interim
1330 1044 1487 1086 utrius-

170 1119 173 1121 ·
200 1113 281 1153 que
313 1098 521 1140 exercitus
563 1099 687 1153 signo
719 1098 816 1140 dato
853 1113 1004 1140 manus
1035 1103 1265 1141 conserunt
1293 1113 1488 1155 pugnan-

198 1158 347 1209 tesque
378 1155 420 1195 vi
450 1169 615 1196 summa
654 1157 780 1208 atque
819 1155 995 1209 ancipiti
1032 1155 1207 1197 fortuna
1244 1156 1404 1197 bellum
1435 1156 1490 1198 ad

201 1225 396 1253 occasum
433 1211 533 1252 solis
571 1210 827 1265 producunt.
886 1211 959 1252 sed
997 1211 1069 1252 ubi
1099 1226 1185 1253 nox
1216 1211 1486 1266 adventabat,

148 1281 181 1306 20
200 1268 412 1321 utrimque
451 1281 571 1323 reges
610 1266 815 1309 subducta
852 1267 966 1308 haud
1009 1267 1139 1323 longe
1179 1268 1267 1309 acie
1307 1268 1489 1310 custodi·

198 1324 278 1365 bus
308 1323 472 1365 idoneis
504 1323 711 1364 exercitus
743 1323 1070 1365 communivere.
1121 1323 1182 1364 ita
1210 1338 1287 1378 per
1325 1324 1490 1378 aliquot

200 1380 288 1421 dies
324 1383 493 1433 tempus
538 1379 724 1420 bellandi
779 1379 1018 1433 operientes
1064 1379 1244 1421 militem
1293 1380 1490 1435 frequen-

199 1440 286 1477 tem
317 1436 430 1490 apud
460 1450 578 1477 arma
607 1435 766 1476 frustra
787 1435 986 1477 habuere.
1037 1450 1222 1490 namque
1253 1437 1327 1477 ubi
1351 1436 1489 1478 hiems

200 1492 428 1534 adventare
450 1494 492 1533 et
511 1491 718 1533 imbribus
741 1491 896 1533 crebris
914 1491 1117 1546 compleri
1139 1506 1315 1546 coepere
1337 1493 1490 1547 campi,

149 1562 182 1589 25
200 1548 370 1590 barbari
400 1548 514 1590 intra
543 1562 687 1590 muros
719 1548 888 1589 abeunt.
949 1550 993 1589 at
1022 1548 1159 1589 nostri
1196 1548 1317 1591 nullo
1347 1548 1490 1603 palam

200 1606 324 1647 hoste
369 1604 547 1659 digressi
592 1604 645 1645 ad
689 1619 817 1645 naves
861 1604 1008 1645 munia
1059 1604 1211 1646 hiemis
1256 1604 1492 1659 disponunt

201 1675 384 1714 moxque
415 1660 618 1714 bipertito
650 1674 822 1714 campo,
862 1660 935 1714 qui
973 1660 1163 1714 reliquus
1200 1674 1289 1702 non
1318 1674 1489 1716 pugnae

203 1719 470 1771 opportunus
501 1719 609 1770 erat,
648 1719 827 1770 utraque
866 1730 964 1770 pars
995 1716 1132 1757 aratui
1162 1716 1372 1770 insistere,
1403 1717 1490 1758 fru-

201 1776 346 1814 menta
375 1773 553 1826 aliaque,
587 1786 694 1826 quae
725 1775 893 1826 tempus
915 1772 1017 1813 anni
1038 1772 1292 1827 patiebatur,
1323 1787 1488 1827 parare.

150 1842 183 1866 30
202 1829 374 1871 interim
405 1828 515 1869 Aiax
546 1828 818 1869 Telamonius
848 1829 1058 1870 instructo
1089 1828 1238 1882 milite,
1275 1843 1400 1884 quem
1432 1844 1492 1871 se·

203 1899 298 1927 cum
329 1884 572 1938 adduxerat,
604 1885 766 1925 habens
797 1885 926 1926 etiam
955 1884 1188 1926 nonnullos
1220 1885 1270 1926 de
1302 1886 1490 1927 exercitu

202 1941 406 1995 Achillis,
445 1941 662 1996 ingressus
692 1940 905 1996 Phrygiae
944 1940 1164 1995 regionem
1194 1941 1329 1983 multa
1358 1941 1492 1983 hosti-

202 1998 300 2039 liter
320 2000 471 2051 vastat,
494 1997 608 2051 capit
632 1997 836 2048 civitates,
860 2011 907 2038 ac
929 2000 1025 2051 post
1047 2011 1203 2051 paucos
1225 1997 1313 2039 dies
1334 1997 1491 2052 praeda

203 2057 350 2096 auctus
382 2054 434 2095 ad
465 2054 695 2096 exercitum
727 2053 864 2095 victor
894 2053 1070 2094 revenit.

151 2123 184 2149 35
316 2109 450 2151 XLII.
509 2110 647 2152 Isdem
693 2109 780 2151 fere
822 2109 968 2151 diebus
1016 2110 1185 2151 barbari
1223 2110 1380 2152 nostris
1418 2124 1494 2164 per

293 2237 312 2268 6
340 2236 382 2268 de
412 2236 439 2269 G
463 2237 525 2268 sed
551 2237 651 2268 litera
677 2235 696 2267 d
723 2246 822 2268 erasa
910 2237 952 2268 23
978 2235 1074 2277 apud
1100 2246 1162 2268 om.
1183 2236 1209 2268 G
1234 2245 1326 2268 corr,
1351 2236 1380 2267 ι,
1406 2236 1443 2266 in
1461 2234 1494 2266 Β

203 2282 474 2359 ἓξδὲεἵὲνῧιηιιε
503 2281 530 2313 G
622 2282 665 2313 29
691 2291 822 2323 parare
849 2292 909 2316 om.
938 2281 976 2315 G.
1002 2280 1100 2313 habet
1122 2292 1155 2323 9.
1250 2282 1293 2313 35
1318 2279 1430 2312 isdem
1463 2279 1496 2311 V
