1621 2550
223 122 250 164 4
630 123 803 156 DICTYS
830 122 1095 156 CRETENSIS

226 222 490 263 educaverat.
520 221 566 262 in
588 235 671 275 qua
692 221 898 262 divisione
914 220 1072 275 singuli
1092 235 1170 274 pro
1191 221 1377 262 nominis
1399 221 1503 263 cele-

224 278 378 319 britate
411 278 520 318 inler
549 291 592 318 se
623 277 800 330 quisque
830 276 1054 331 magnifice
1084 276 1301 318 transiere.

335 333 389 374 ΙΙ.
439 333 506 374 Ad
543 346 615 374 eos
652 346 697 373 re
735 312 927 387 cognitat>
946 346 1092 373 omnes
1130 346 1180 373 ex
1219 332 1384 388 origine
1421 332 1506 374 Eu-

227 403 378 442 ropae,
417 386 523 442 quae
562 389 607 428 111
646 402 695 428 ea
732 387 871 429 insula
901 402 1065 429 summa
1102 369 1311 443 religione
1339 388 1511 441 colitur,

190 457 207 482 5
228 444 450 486 confluunt
486 444 755 498 benigneque
801 443 1006 484 salutatos
1054 443 1099 484 in
1134 444 1342 506 templum
1379 443 1506 484 dedu

223 503 336 541 cunt.
396 499 456 540 ibi
503 499 739 541 hostiarum
783 499 1013 540 multarum
1059 499 1349 541 immolatione
1387 513 1504 540 more

222 555 361 609 patrio
401 555 611 596 celebrata
649 554 933 608 exhibitisque
973 554 1108 608 epulis
1139 555 1314 610 largiter
1342 555 1505 610 magni-

223 611 383 665 ficeque
430 625 500 652 eos
546 611 731 651 habuere
780 611 966 664 itemque
1004 611 1208 652 insecutis
1247 610 1404 652 diebus.
1464 618 1506 651 a!

222 681 336 717 reyes
376 670 572 708 Graeciae
607 666 685 708 etsi
716 680 776 720 ea,
809 681 915 721 quae
946 666 1266 719 exhibebant-ur,
1298 680 1394 708 cum
1423 666 1506 707 lae-

174 722 317 764 lotitia
355 722 640 776 accipiebant,
678 725 821 763 tamen
861 722 996 763 multo
1040 722 1175 777 magis
1219 722 1369 775 templi
1416 721 1505 763 eius

222 778 450 833 magnifica
469 755 784 831 pulchritudine
805 778 1080 832 preciosaque
1102 778 1387 819 exstructione
1409 791 1506 840 ope-

223 849 317 875 rum
339 833 646 887 afficiebantur,
669 834 943 887 inspicientes
964 836 1286 887 repetentesque
1303 833 1507 874 memoria

223 889 403 944 singula,
436 903 542 943 quae
565 904 614 930 ex
636 888 795 930 Sidona
815 904 839 930 a
860 889 1088 942 Phoenice,
1109 891 1229 942 patre
1252 889 1354 941 eius,
1377 890 1504 942 atque
1537 939 1547 946 ·

222 923 438 986 nobilibus
453 945 659 986 matronis
675 945 922 985 transmissa
937 957 1094 999 magno
1110 946 1200 985 tum
1212 921 1354 989 decori
1371 946 1503 987 erant

176 1010 207 1035 15
339 999 415 1041 ΠΙ.
482 1000 732 1041 Periclem
782 1002 950 1054 tempus
995 980 1236 1041 Alexander
1280 999 1506 1054 Phrygius,

225 1055 385 1097 Priami
415 1056 540 1109 filius,
572 1056 718 1097 Aenea
748 1055 925 1110 aliisque
957 1070 1006 1097 ex
1037 1055 1407 1111 consanguinitate
1440 1069 1506 1096 co-

224 1111 418 1165 mitibus,
450 1111 626 1166 Spartae
656 1112 701 1152 in
733 1112 904 1153 domum
934 1111 1118 1153 Menelai
1148 1111 1335 1174 hospitio
1366 1125 1507 1165 recep-

223 1170 315 1220 tus,
354 1145 698 1223 indignissimum
736 1167 901 1209 facinus
936 1170 1265 1221 perpetraverat.
1324 1181 1359 1208 ls
1389 1182 1508 1208 nam-

225 1237 305 1276 que
326 1223 399 1264 ubi
420 1203 720 1265 animadvertit
743 1237 886 1278 legem
907 1224 1065 1277 abesse,
1088 1223 1201 1277 quod
1231 1226 1321 1265 erat
1341 1223 1507 1264 Helena

173 1282 390 1333 20praete1·
435 1282 594 1321 ceteras
641 1279 841 1321 Graeciae
892 1279 1073 1321 feminas
1118 1279 1311 1321 miranda
1355 1279 1506 1332 specie,

224 1349 366 1376 amore
405 1336 493 1376 eius
523 1337 670 1389 captus
716 1336 934 1398 ipsamque
974 1338 1016 1376 et
1045 1335 1200 1376 multas
1239 1349 1340 1389 opes
1381 1334 1506 1376 domo

225 1391 314 1431 eius
352 1391 509 1444 aufert,
548 1391 754 1432 Aethram
785 1391 912 1432 etiam
950 1393 991 1432 et
1022 1390 1288 1445 Clymenam,
1324 1389 1509 1431 Menelai

225 1445 403 1500 adfines,
442 1461 548 1501 quae
589 1447 642 1488 ob
680 1446 1035 1488 necessitudinem
1081 1461 1175 1488 cum
1213 1446 1377 1488 Helena
1413 1459 1508 1501 age-

223 1502 338 1543 bant.
398 1502 630 1556 Postquam
670 1502 839 1544 Cretam
885 1503 1061 1544 nuntius
1099 1503 1218 1544 venit
1255 1505 1298 1544 et
1341 1505 1507 1555 cuncta,

173 1566 206 1591 25
226 1572 332 1612 quae
363 1559 416 1599 ab
446 1558 690 1600 Alexandro
729 1559 950 1600 adversum
981 1559 1153 1600 domum
1183 1558 1367 1600 Menelai
1398 1571 1508 1599 com-

224 1614 353 1655 missa
385 1617 525 1668 erant,
557 1615 744 1668 aperuit,
782 1629 858 1668 per
889 1629 1058 1656 omnem
1088 1615 1292 1667 insulam,
1323 1615 1434 1655 sicut
1463 1614 1508 1655 in

224 1669 301 1710 tali
338 1683 382 1710 re
420 1670 511 1710 fieri
550 1673 684 1723 amat,
723 1670 836 1711 fama
874 1671 919 1710 in
957 1671 1093 1711 maius
1131 1670 1396 1725 divulgatur:
1441 1683 1507 1710 ex-

224 1728 459 1780 pugnatam
490 1725 647 1779 quippe
679 1725 849 1766 domum
881 1726 991 1780 regis
1023 1739 1297 1779 eversumque
1328 1739 1508 1781 regnum

226 1783 268 1822 et
284 1759 379 1822 alia
410 1781 455 1822 in
484 1781 614 1822 talem
644 1780 816 1822 modum
847 1781 1005 1835 singuli
1037 1781 1309 1822 disserebant.

176 1843 208 1869 30
340 1836 414 1878 IV.
468 1836 569 1885 Quis
592 1837 775 1892 cognitis
799 1836 1031 1890 Menelaus,
1063 1837 1139 1878 etsi
1161 1837 1388 1878 abstractio
1411 1851 1508 1878 con·

225 1892 337 1947 iugis
382 1893 570 1934 animum
616 1895 907 1947 permoverat,
962 1893 1095 1934 multo
1149 1893 1327 1947 amplius
1365 1896 1508 1934 tamen

227 1948 281 1989 ob
327 1948 525 1990 iniuriam
572 1949 794 2002 adfinium,
849 1963 952 2002 quas
997 1964 1122 2003 supra
1168 1949 1507 2002 memoravimus,

316 2051 381 2082 111.
412 2051 473 2085 IV
506 2050 737 2083 Malal.11.9
775 2053 838 2083 120
877 2051 1025 2093 Georgii
1069 2051 1226 2083 Cedreni
1264 2052 1507 2084 Historiarum

228 2095 480 2137 compendium
496 2097 511 2127 1
517 2097 559 2128 24
578 2096 813 2128 Constantini
828 2096 1010 2128 Manassis
1025 2095 1283 2138 Compendium
1299 2096 1507 2129 chronicum

226 2139 255 2171 P
284 2141 327 2172 24
351 2142 393 2172 25
418 2141 572 2173 Joannis
591 2141 750 2173 Tzetzae
768 2140 1047 2173 Antehomerica
1073 2142 1176 2173 129-
1187 2142 1248 2174 157
1275 2141 1409 2174 Auctor
1433 2137 1508 2174 τῶν

231 2181 411 2225 Τρωϊκῶν
437 2186 473 2217 in
500 2185 733 2218 Bibliotheca
759 2185 1052 2218 Lffeubachiaua
1077 2185 1118 2217 V.
1147 2187 1207 2218 VI.

316 2275 336 2305 2
353 2274 591 2307 caelebritatc
603 2275 630 2307 G
644 2277 675 2307 iu
689 2275 776 2315 libr-1⁶,
796 2275 892 2307 inter
905 2276 956 2307 ed.
972 2280 1052 2309 neu.
1089 2276 1293 2317 transigere
1307 2276 1338 2307 Β
1355 2277 1387 2308 in
1402 2285 1507 2316 mar-q.

228 2317 363 2351 9Atrei
381 2320 499 2361 gratia
524 2320 609 2360 libri,
638 2330 742 2362 reges
758 2320 932 2353 Graeciae
957 2321 1010 2353 ecl.
1032 2320 1125 2353 Crat.
1143 2320 1325 2353 obt-cemus
1349 2325 1507 2354 nostrum.
