1621 2550
473 100 621 133 BELLI
645 99 848 133 TROIANI
874 99 965 132 LIB.
992 101 1039 132 11.
1339 102 1391 143 31

112 201 177 242 uti
214 200 329 242 facta
367 201 570 255 gestaque
609 212 754 240 eorum
792 199 883 240 laus
914 200 1076 253 potius,
1109 213 1235 254 quam
1273 202 1395 255 culpa

113 258 372 311 sequeretur.
423 260 465 296 et
495 257 544 296 ut
572 255 802 309 praeterita
831 269 856 296 a
875 269 942 296 me
973 255 1167 297 consulta
1189 257 1395 309 omittam,

111 312 194 354 hoc
223 312 307 354 iam
338 311 438 352 licet
466 325 510 352 re
532 323 800 366 cognoscere.
852 311 1020 352 iniuriis
1041 311 1395 366 contumeliisque

114 367 344 410 Alexandri
374 367 502 422 paulo
533 369 632 408 ante
661 367 776 408 laesa
805 365 983 408 Graecia
1012 381 1098 408 non
1129 367 1181 408 ad
1210 368 1294 408 vim
1325 382 1395 408 ne-

112 438 194 479 que
225 423 277 465 ad
298 438 415 465 arma
436 422 657 464 decursum
679 425 753 476 est,
775 422 888 477 quod
918 423 1158 464 iracundiae
1180 423 1394 479 refugium
1414 438 1430 461 5

111 493 201 522 esse
232 479 352 521 solet.
403 493 502 520 nam
534 478 583 520 de
613 479 780 520 consilii
813 479 1024 520 sententia
1054 479 1182 534 legati
1213 479 1264 520 ad
1295 480 1397 520 reci-

112 535 310 590 piendam
331 535 553 588 Helenam,
575 538 623 576 ut
643 535 907 589 meministis,
938 549 1033 576 cum
1055 534 1250 576 Menelao
1283 536 1395 576 veni-

111 606 225 633 mus:
274 591 428 646 quibus
473 593 642 646 praeter
679 591 881 645 superbas
919 591 1145 632 verborum
1184 591 1321 632 minas
1356 594 1397 632 et

112 647 287 689 insidias
319 647 504 689 occultas
534 646 644 688 nihil
675 661 700 687 a
720 646 890 688 Priamo
921 661 1058 701 neque
1081 647 1134 688 ab
1155 647 1244 688 eius
1275 660 1396 702 regu-

110 704 163 745 lis
204 703 426 745 remissum
465 705 539 744 est.
599 702 834 756 inperfecta
872 702 1004 757 igitur
1041 717 1085 744 re
1095 737 1107 757 7
1152 706 1200 744 ut
1230 703 1395 757 opinor,
1417 717 1447 740 ιο

112 772 376 813 consequens
406 758 490 800 fuit
526 773 644 799 arma
673 772 823 812 capere
853 758 1004 812 hisque
1040 773 1115 813 per
1145 759 1231 800 vim
1260 762 1396 800 extor-

113 829 263 870 quere,
303 813 417 869 quod
455 814 587 855 amice
618 814 839 869 impetrari
862 815 1085 868 nequitum
1118 818 1193 856 est.
1252 815 1395 869 itaque

96 873 259 925 ‚parato
283 870 469 912 exercitu
500 884 547 912 ac
578 873 644 912 tot
664 871 847 926 egregiis
875 873 1002 924 atque
1033 871 1191 912 inclitis
1220 871 1396 912 ducibus

109 941 164 968 ne
203 927 263 968 sic
304 925 475 981 quidem
505 927 715 981 proelium
753 926 975 968 adversum
1006 941 1081 968 vos
1122 927 1229 968 inire
1261 927 1396 968 consi-

110 983 215 1024 lium
245 983 350 1025 fuit:
382 982 454 1024 sed
485 983 638 1024 imitati
669 997 830 1024 morem
861 982 1195 1037 modestiamque
1226 983 1394 1024 solitam
1416 996 1446 1020 15

108 1040 262 1081 iterato
294 1039 346 1080 ad
376 1053 452 1080 vos
483 1040 536 1080 ob
568 1039 743 1080 eandem
775 1053 942 1080 causam
981 1042 1146 1080 oratum
1185 1039 1392 1080 venimus.

110 1099 250 1136 cetera
287 1095 332 1136 in
362 1109 490 1136 manu
523 1098 662 1136 vestra
692 1095 772 1136 sita
801 1097 913 1149 sunt,
935 1094 1129 1136 Troiani:
1161 1109 1298 1148 neque
1320 1109 1395 1135 vos

123 1151 275 1206 2igebit
313 1151 576 1192 consensisse
615 1151 760 1204 nobis,
798 1151 832 1192 si
870 1151 996 1192 modo
1036 1165 1138 1192 sana
1168 1165 1287 1192 mens
1319 1154 1393 1204 cst,

136 1207 285 1249 ecretis
325 1207 565 1248 salubribus
603 1207 746 1261 priora
790 1207 899 1248 male
938 1207 1132 1249 consulta
1169 1207 1393 1261 corrigere.

107 1262 244 1305 XXII.
295 1262 377 1304 Per
416 1262 515 1305 deos
556 1263 825 1317 inmortales,
874 1265 1065 1317 reputate
1105 1277 1200 1304 cum
1241 1263 1395 1304 animis
1413 1276 1446 1300 ⁶20

109 1319 281 1372 vestris,
321 1322 481 1373 quanta
518 1319 655 1360 clades
704 1322 745 1361 et
792 1319 925 1361 veluti
971 1319 1170 1374 contagio
1221 1319 1395 1360 huiusce

111 1375 293 1429 exempli
324 1375 469 1416 orbem
499 1381 708 1416 terrarum
739 1378 996 1429 occupatura
1026 1375 1093 1416 sit.
1154 1375 1249 1429 quis
1281 1375 1394 1416 enim

139 1431 302 1485 osthac,
324 1431 391 1472 cui
414 1431 534 1472 virile
555 1432 779 1486 negotium
800 1434 874 1485 est,
899 1432 1141 1473 recordatus
1163 1431 1394 1472 Alexandri

105 1446 272 1528 Facinus
295 1501 385 1528 non
406 1487 551 1528 omnia
580 1490 775 1541 suspecta
796 1490 923 1541 atque
954 1487 1156 1528 insidiosa
1185 1488 1237 1528 ab
1259 1487 1393 1528 amico

108 1546 296 1584 metuere
318 1543 526 1598 cogetur?
557 1546 631 1584 aut
661 1544 755 1597 quis
785 1543 915 1584 frater
945 1543 1067 1584 fratri
1098 1543 1257 1584 aditum
1279 1545 1392 1597 pate·
1413 1554 1444 1581 25

107 1598 266 1640 faciet?
313 1603 405 1653 quis
435 1599 645 1654 hospitem
685 1602 759 1640 aut
789 1603 1016 1654 cognatum
1060 1613 1148 1640 non
1177 1602 1394 1653 tamquam

107 1655 274 1696 hostem
305 1655 504 1696 cavebit?
555 1654 735 1708 denique
773 1655 809 1696 si
839 1655 961 1708 haec,
1002 1655 1115 1708 quod
1146 1669 1224 1696 non
1255 1669 1394 1708 spero,

113 1710 355 1764 probaritis‚
387 1711 531 1752 omnia
561 1710 742 1752 foederis
773 1711 865 1752 iura
894 1725 942 1752 ac
962 1711 1132 1765 pietatis
1163 1710 1274 1764 apud
1303 1711 1395 1752 bar-

196 1870 216 1900 2
243 1873 269 1900 'a
301 1867 373 1911 me]
407 1869 500 1901 bene
536 1869 603 1901 PV
705 1871 725 1901 3
757 1869 865 1901 licere
898 1879 927 1903 c.
962 1868 1024 1901 ΕΒ
1077 1870 1154 1901 lieet
1184 1879 1222 1901 re
1254 1879 1326 1910 ‘'⁰9-
1366 1869 1399 1898 V

108 1916 146 1945 11
180 1913 309 1955 iusque
332 1914 365 1945 V
429 1915 468 1945 12
486 1915 681 1955 impetrare
702 1913 764 1946 ΕΒ
798 1914 996 1956 impetrari.
1015 1919 1050 1945 uc
1067 1914 1264 1946 Perizonius
1281 1918 1394 1954 postn-

109 1963 242 1990 lauerut
267 1958 299 1989 P
383 1959 422 1990 17
449 1968 566 2000 neque
592 1969 657 1990 nos
685 1959 712 1991 G
759 1968 871 2001 neque
898 1968 964 1991 uos
989 1958 1053 1990 PB
1147 1959 1188 1992 18
1206 1959 1310 1990 uobis
1333 1958 1395 1990 Gli

106 2013 196 2035 corr.
238 2003 590 2043 Dederichus.1for·l.
629 2013 672 2034 ac
710 2003 741 2035 si
865 2005 908 2035 ‘20
946 2013 1020 2045 rep.
1058 2013 1136 2035 cum
1175 2015 1233 2038 an.
1273 2014 1333 2035 om.
1367 2003 1395 2034 G

108 2058 135 2079 r.
164 2057 194 2079 c.
221 2057 254 2079 a.
281 2048 414 2079 uestris
438 2058 500 2079 om.
527 2047 559 2079 B
583 2047 682 2080 habet
709 2048 778 2079 PV
866 2050 906 2080 21
934 2047 1059 2080 clades
1090 2052 1126 2080 et
1157 2049 1251 2089 libri,
1287 2049 1394 2079 [mce-

106 2093 159 2124 ria
198 2102 280 2134 exp.
319 2096 355 2124 et
401 2094 474 2124 eine
514 2094 602 2124 iusta
642 2103 746 2125 eausa
787 2093 793 2131 Ι
837 2092 942 2125 huius
976 2093 1023 2125 Ε1
1160 2095 1203 2125 22
1235 2093 1306 2125 crit
1332 2092 1394 2124 ΕΒ

106 2137 202 2169 enim
231 2137 263 2168 V
346 2137 390 2170 23
413 2136 519 2169 uirile
545 2138 734 2180 ingenium
763 2138 828 2170 VP
900 2139 943 2171 25
970 2137 1089 2170 fratri⁵
1117 2137 1145 2170 Ε
1219 2139 1262 2169 26
1288 2147 1394 2179 quem

105 2181 194 2222 libri,
220 2182 285 2214 iam
309 2182 431 2214 dudum
455 2192 547 2214 corr.
565 2183 630 2214 nisi
649 2183 744 2223 sorte
759 2185 934 2215 statuimus
950 2183 1055 2215 uerba
1095 2182 1396 2225 quem—callebit

105 2227 304 2259 collocanda
334 2235 409 2259 esse
434 2237 468 2259 u.
495 2228 538 2259 22
562 2232 643 2269 post
667 2231 818 2269 cogetur
909 2229 953 2260 27
979 2227 1072 2270 quod
1098 2237 1205 2270 spero
1234 2227 1296 2259 ΕΒ
1321 2228 1395 2258 ueri

104 2272 243 2348 {inaltus
268 2276 318 2336 ‘⁸1‘
342 2272 514 2304 excidisse
562 2282 644 2314 non,
671 2283 767 2315 quam
792 2274 883 2315 quod
905 2274 986 2305 add.
1017 2273 1050 2304 V
1077 2272 1173 2304 haud
1245 2274 1288 2305 28
1314 2282 1393 2313 pro-

133 2316 238 2348 aritis
263 2317 292 2351 Ε
317 2341 324 2350 .
