1621 2550
217 104 270 145 86
627 104 802 138 1116113
828 105 1093 139 CRETENSIS

216 218 313 246 cum
351 204 444 258 quis
483 218 609 258 super
646 203 724 244 tali
759 204 934 258 negotio
973 204 1245 259 disceptaret:
1291 205 1497 260 electique

215 260 515 315 Agamemnon
541 259 794 301 Idomeneus
816 259 962 302 Ulixes
993 263 1120 315 atque
1148 260 1388 316 Diomedes,
1423 262 1498 316 qui

216 318 377 358 secreto
409 316 461 357 ab
500 315 594 356 aliis
624 316 911 370 proditionem
946 320 1223 380 componunt.
1280 320 1499 372 praeterea

215 373 367 426 placet,
399 372 462 412 uti
492 372 676 425 Aeneae,
708 372 743 413 si
772 387 1020 436 permanere
1050 373 1096 414 111
1115 373 1197 414 fide
1227 374 1368 437 vellet,
1399 388 1498 428 pars

183 440 199 465 5
217 427 396 482 praedae
427 431 470 469 et
490 427 639 469 domus
660 429 857 470 universa
878 430 967 469 eius
988 429 1225 483 incolumis,
1253 430 1336 483 ipsi
1357 433 1500 471 autem

217 484 430 525 Antenori
461 483 683 525 dimidium
714 484 925 526 bonorum
945 484 1106 526 Priami
1136 499 1402 540 regnumque
1421 485 1499 526 uni

216 540 402 581 filiorum
434 540 535 593 eius,
569 554 695 603 quem
725 540 934 596 elegisset,
965 540 1279 583 concederetur.
1333 541 1407 583 ubi
1437 555 1498 582 sa

216 596 271 637 tis
300 598 528 637 tractatum
550 597 687 637 visum
719 599 792 650 est,
791 574 1012 638 ”Antenor
1040 596 1093 638 ad
1115 597 1330 638 civitatem
1361 597 1501 639 dimit-

217 652 334 704 titur,
367 651 554 693 leferens
576 651 629 693 ad
659 667 757 694 suos
780 653 1015 707 composita
1045 653 1157 694 inter
1177 667 1221 694 se
1252 653 1380 709 longe
1403 653 1500 706 alia,

167 721 200 745 10
217 708 265 749 in
302 708 417 762 quis,
457 707 616 749 donum
645 708 863 750 Minervae
900 709 1041 763 parari
1078 724 1103 750 a
1134 709 1306 751 Graecis
1343 723 1499 764 eosque

220 778 315 805 611111
346 764 484 819 gratia
522 779 674 818 cupere
714 768 884 819 recepta
913 765 1078 806 Helena
1108 769 1365 820 acceptoque
1396 780 1500 807 auro

218 820 376 861 bellum
416 820 609 862 omittere
647 823 773 875 atque
819 821 871 862 ad
910 836 1007 863 suos
1046 822 1224 876 regredi.
1294 823 1353 862 ita
1391 835 1503 862 com-

215 877 357 930 posito
395 878 570 931 negotio
609 877 806 919 Antenor
849 877 1090 931 traditoque
1139 878 1219 919 sibi
1258 877 1500 932 Talthybio,

219 947 301 985 quo
333 947 398 974 res
429 932 554 973 fidem
586 933 808 987 acciperet,
841 933 892 974 ad
923 933 1095 974 Troiam
1126 934 1256 975 venit.

582 1169 785 1217 LIBER
823 1169 1145 1229 QUINTUS.

166 1319 199 1345 15
329 1301 361 1342 I.
412 1303 632 1344 Antenore
678 1303 991 1365 Talthybioque
1037 1303 1253 1344 civitatem
1298 1303 1500 1358 ingressis

219 1357 362 1398 cuncti
382 1359 610 1412 populares
641 1373 829 1412 socuque
851 1360 1023 1414 cognita
1054 1373 1098 1400 1e
1119 1373 1299 1413 propere
1328 1372 1504 1400 concur-

218 1415 337 1467 runt,
379 1415 598 1468 cupientes
639 1415 871 1469 dinoscere,
904 1430 1011 1470 quae
1046 1416 1158 1469 apud
1189 1415 1374 1457 Graecos
1404 1415 1505 1456 acti-

217 1471 308 1510 tata
338 1474 496 1524 essent,
530 1471 623 1526 quis
654 1472 851 1512 Antenor
880 1472 925 1512 in
955 1472 1197 1525 proximum
1229 1471 1340 1512 (116111
1370 1470 1504 1512 relata

219 1525 379 1567 differt:
419 1529 546 1581 atque
577 1528 638 1569 ita
666 1527 839 1569 dimisso
871 1542 979 1569 com
984 1530 1084 1569 entu
1116 1527 1355 1569 disceditur.
1407 1541 1504 1568 cum

168 1600 200 1625 20
219 1582 332 1623 inter
397 1584 542 1637 epulas
602 1583 854 1637 Talthybius
920 1584 1162 1638 interesset,
1229 1583 1340 1625 filios
1406 1597 1505 1625 suos

217 1652 387 1680 monere
426 1640 623 1681 Antenor
674 1640 784 1681 nihil
829 1640 896 1681 his
940 1641 985 1682 in
1031 1640 1119 1682 vita
1169 1638 1505 1692 custodiendum,

219 1708 347 1748 quam
376 1695 439 1737 uti
471 1696 811 1750 antiquissimam
842 1696 1045 1737 ducerent
1077 1711 1172 1737 611111
1203 1696 1375 1737 Graecis
1403 1695 1506 1736 ami-

219 1750 376 1803 citiam,
407 1751 506 1793 dein
537 1752 803 1807 singulorum
832 1753 1090 1806 probitatem
1119 1752 1245 1793 fidem
1285 1757 1412 1806 atque
1442 1751 1506 1793 in-

219 1807 462 1848 nocentiam
510 1808 880 1850 commemorando
934 1809 1194 1849 ammiratur.
1267 1809 1325 1849 ita
1381 1807 1504 1849 finito

169 1881 202 1906 25
223 1863 420 1905 convivio
469 1867 560 1906 tum
598 1865 840 1906 disceditur.
911 1868 954 1906 at
999 1865 1105 1906 lucis
1144 1864 1378 1919 principio,
1420 1878 1508 1905 om-

220 1919 346 1960 nibus
377 1920 462 1961 iam
493 1921 538 1962 in
569 1921 748 1963 consilio
780 1921 1100 1975 expectantibus
1139 1920 1302 1974 audire,
1342 1921 1378 1962 si
1409 1919 1504 1974 quis

221 1975 372 2017 modus
402 1979 533 2018 tantis
563 1977 686 2018 malis
716 1978 848 2030 fieret,
882 1992 977 2019 611111
1008 1977 1236 2032 Talthybio
1268 1977 1358 2031 ipse
1389 1976 1508 2018 venit

221 2046 359 2086 neque
391 2033 526 2075 multo
566 2037 664 2087 post
695 2033 882 2087 Aeneas,
922 2034 1019 2075 dein
1051 2033 1244 2075 Priamus
1282 2047 1378 2075 cum
1408 2032 1508 2074 resi-

223 2088 316 2129 duis
347 2089 518 2144 regulis.
572 2090 753 2144 denique
776 2090 849 2131 ubi
880 2104 948 2143 ea,
980 2104 1088 2143 quae
1119 2105 1143 2131 a.
1165 2089 1336 2132 Graecis
1367 2088 1508 2130 audie-

172 2147 309 2198 301‘at,
343 2145 479 2187 dicere
511 2147 650 2187 iussus
682 2150 764 2200 est,
796 2146 876 2188 hoc
908 2147 1033 2188 modo
1066 2146 1274 2188 disseruit.

309 2284 330 2315 4
358 2293 476 2315 aenea
504 2283 566 2316 GB
591 2295 681 2315 corr.
715 2285 748 2314 Γ
840 2285 880 2315 14
911 2284 1100 2326 acceperit
1127 2282 1188 2315 GB
1220 2293 1312 2315 cor-r.
1344 2283 1374 2312 1·
1470 2282 1509 2313 17

222 2332 305 2360 aeta
332 2328 363 2359 B
449 2330 488 2360 19
515 2333 588 2360 tum
616 2330 637 2360 i.
667 2340 696 2360 e.
725 2338 807 2360 ‹um
838 2329 872 2359 Γ
961 2330 1004 2362 ‘25
1029 2326 1118 2370 tum]
1169 2328 1331 2370 quietum
1358 2326 1438 2360 PV.
