1621 2550
177 531 236 579 L.
274 530 638 579 SEPTIMIUS
676 529 736 589 Q.
773 529 1033 579 ARADIO
1073 531 1121 580 S.
1159 532 1220 579 D.

172 662 458 718 Ephemerida
487 661 599 703 Belli
629 661 803 703 Troiani
833 661 980 715 Dictys
1002 662 1235 717 Cretensis,
1267 665 1339 718 qui

60 721 107 761 in
137 733 186 760 ea
216 718 369 759 militia
398 731 494 759 cum
523 717 752 759 Idomeneo
784 718 958 771 meruit,
994 719 1246 773 conscripsit
1274 719 1341 761 lit-

59 774 162 816 teris
191 773 386 827 Punicis,
418 787 525 828 quae
555 776 647 814 tum
668 772 827 815 Cadmo
859 776 901 815 et
930 775 1129 829 Agenore
1160 775 1341 816 auctori-

60 831 139 872 bus
167 843 245 884 per
265 829 485 871 Graeciam
515 828 907 884 frequentabantur.
959 808 1057 871 dein
1080 833 1179 884 post
1208 831 1341 872 multa

57 885 227 928 saecula
256 885 457 948 conlapso
488 899 564 939 per
593 887 848 926 vestutatem
878 885 991 948 apud
1015 885 1206 940 Gnoson,
1238 886 1340 928 olim
1358 898 1374 923 5

59 939 276 984 Cretensis
306 941 427 996 regni
458 941 610 995 sedem,
642 941 866 995 sepulchro
889 941 991 995 eius,
1022 944 1214 996 pastores
1245 956 1341 984 cuni

58 1011 109 1040 eo
140 997 429 1050 devenissent,
459 997 570 1038 forte
601 996 713 1039 inter
742 999 925 1038 ceteram
955 997 1123 1038 ruinam
1153 998 1340 1039 loculum

57 1056 214 1095 stanno
245 1053 402 1095 affabre
432 1053 621 1095 clausum
652 1052 864 1094 offendere
903 1066 951 1094 ac
981 1053 1229 1094 thesaurum
1259 1055 1340 1095 rati

58 1123 158 1151 mox
176 1109 425 1163 dissolvunt,
456 1123 545 1150 non
566 1123 716 1150 aurum
743 1123 821 1150 nec
842 1108 957 1150 aliud
978 1109 1202 1163 quicquam
1222 1124 1340 1164 prae-

57 1164 154 1218 dae,
193 1165 265 1206 sed
302 1165 433 1206 libros
471 1179 520 1206 ex
557 1165 727 1219 philyra
764 1165 809 1206 in
846 1164 983 1206 lucem
1013 1163 1235 1219 prodituri.
1296 1168 1340 1207 at
1360 1184 1390 1210 ω

58 1221 131 1262 ubi
161 1235 255 1275 spes
285 1220 489 1262 frustrata
518 1224 593 1274 est,
625 1219 677 1262 ad
701 1220 873 1262 Praxim
903 1220 1124 1262 dominum
1154 1221 1237 1262 loci
1267 1235 1339 1263 eos

58 1276 270 1327 deferunt,
302 1277 375 1331 qui
396 1279 678 1318 commutatos
708 1276 860 1318 litteris
881 1277 1049 1330 Atticis,
1080 1291 1179 1318 nam
1201 1278 1338 1319 oratio

57 1332 222 1374 Graeca
250 1332 402 1386 fuerat,
432 1332 596 1373 Neroni
626 1331 820 1374 Romano
853 1331 1021 1374 Caesari
1053 1332 1230 1386 obtulit,
1261 1348 1337 1387 pro

89 1403 143 1430 uo
164 1387 359 1442 plu1imis
380 1388 432 1429 ab
455 1402 504 1430 eo
527 1387 708 1429 donatus
729 1390 804 1429 est.
855 1388 978 1429 nobis
1000 1402 1095 1429 cum
1124 1388 1168 1429 in
1189 1403 1339 1430 manus

58 1402 170 1486 ilorte
200 1443 335 1485 libelli
366 1444 596 1497 venissent,
629 1443 775 1485 avidos
796 1457 919 1485 verae
949 1444 1152 1486 historiae
1184 1443 1336 1498 cupido
1358 1455 1390 1479 1›

56 1499 231 1541 incessit
267 1513 317 1541 ea
353 1499 416 1541 uti
454 1503 576 1541 erant
620 1499 771 1541 Latine
813 1499 1035 1552 disserere,
1076 1513 1166 1540 non
1202 1500 1338 1555 magis

58 1555 207 1597 confisi
238 1555 426 1610 ingenio,
449 1570 576 1618 quam
597 1558 645 1596 ut
676 1555 802 1597 otiosi
823 1555 954 1596 animi
976 1554 1178 1596 desidiam
1203 1534 1338 1597 discu-

56 1613 255 1653 teremus.
307 1611 450 1665 itaque
481 1611 671 1665 priorum
701 1611 889 1665 quinque
920 1611 1199 1663 voluminum,
1231 1625 1338 1665 quae

57 1666 169 1708 bello
201 1669 420 1708 contracta
439 1669 641 1721 gestaque
663 1668 774 1719 sunt,
807 1666 986 1707 eundem
1006 1680 1232 1707 numerum
1255 1681 1337 1708 ser-

56 1722 266 1764 vavimus:
311 1721 479 1763 residua
517 1729 692 1773 quatuor
728 1721 778 1763 de
814 1721 952 1763 reditu
992 1721 1252 1763 Graecorum
1292 1722 1338 1764 in
1356 1734 1388 1760 20

55 1792 189 1820 unum
225 1776 465 1833 redegimus
503 1780 630 1832 atque
669 1776 722 1819 ad
758 1780 800 1819 te
835 1777 1045 1819 misimus:
1085 1781 1152 1832 tu,
1184 1777 1337 1819 Rufine

55 1834 136 1888 mi,
166 1836 214 1875 ut
242 1848 320 1888 par
349 1836 431 1888 est,
462 1833 557 1875 fave
589 1834 762 1888 coeptis.

147 1971 164 2002 1
190 1969 470 2012 Ephemeridem
494 1970 527 2002 P
615 1971 636 2002 6
661 1969 757 2011 regis
782 1970 815 2001 P
903 1970 924 2002 8
942 1973 1110 2012 stagnum
1136 1980 1157 2001 a
1183 1969 1287 2002 fabro
1309 1970 1342 2001 P

54 2015 76 2047 9
102 2025 219 2056 neque
251 2015 443 2056 quicquam
469 2014 502 2046 P
603 2015 642 2046 11
674 2015 818 2046 Prasim
842 2015 875 2046 P
979 2016 1020 2047 15
1050 2013 1167 2047 libelli
1193 2014 1284 2046 forte
1310 2015 1340 2046 P

55 2059 175 2091 auidis
199 2060 293 2091 editt.
318 2063 398 2092 uett.
481 2059 522 2091 16
546 2068 618 2091 11011
643 2069 703 2091 om.
730 2059 762 2090 P
819 2060 859 2092 17
886 2069 991 2101 quam
1015 2070 1076 2092 om.
1105 2059 1134 2090 P
1215 2060 1258 2091 20
1283 2069 1337 2090 16-

55 2103 164 2136 sidua
188 2103 231 2136 de
258 2114 286 2139 r.
318 2113 370 2146 gr.
409 2104 568 2145 quinque
600 2103 633 2135 P
701 2105 858 2146 quinque
883 2104 977 2142 libri,
1004 2107 1160 2146 quatuor
1196 2105 1338 2136 coniecit

55 2148 265 2181 Dederichus
356 2149 399 2180 22
426 2148 512 2180 saue
537 2148 693 2190 inceptis
718 2151 825 2190 atque
852 2149 890 2180 in
915 2148 1069 2191 legendo
1096 2147 1198 2180 ditim
1224 2148 1264 2181 P.

122 2374 243 2402 Dima.
1119 2363 1135 2393 l
