1621 2550
183 88 234 130 16
588 85 761 121 D1oTYs
788 84 1054 119 CRETENsns

182 189 261 229 bus
292 187 344 228 ad
365 186 594 228 exercitum
615 185 792 238 revenit,
823 187 949 238 atque
971 198 1021 225 ex
1050 184 1268 247 inproviso
1299 186 1345 227 in
1364 186 1460 229 luco

183 244 346 285 Dianae
378 257 474 284 cum
503 241 668 295 virgine
700 240 971 294 conspicitur
1022 240 1116 294 quis
1146 241 1329 295 cognitis
1350 243 1462 298 Aga

179 313 381 341 memnon
425 297 646 339 affectione
691 298 892 350 paternae
929 295 1099 349 pietatis
1136 299 1277 338 motus
1315 312 1371 340 an
1408 313 1461 340 ne

182 359 268 396 tam
305 353 470 395 inlicito
509 352 814 394 immolationis
853 351 1000 393 sceleri
1038 351 1277 407 interesset,
1314 353 1462 408 fugam

150 423 166 448 5
186 412 326 464 parat:
364 422 542 462 eumque
579 423 623 449 re
664 407 836 460 cognita
872 407 1048 461 Nestor,
1086 386 1277 463 longam
1289 422 1462 451 exorsus

181 466 436 518 orationem,
482 463 534 505 ad
572 466 834 517 postremum
879 463 1161 525 persuadendi
1205 478 1380 519 genere,
1417 466 1463 506 in

181 536 266 575 quo
287 523 454 575 praeter
474 522 636 561 ceteros
658 518 859 560 Graeciae
881 518 994 560 viros
1022 519 1230 561 iucundus
1250 523 1461 575 acceptus-

183 591 264 631 que
296 579 404 628 erat,
437 591 461 617 a
491 575 710 638 proposito
741 574 971 628 prohibuit.

296 631 411 673 XXI.
461 631 639 672 Interim
660 630 869 693 virginem
887 629 1034 672 Ulixes
1064 632 1107 672 et
1126 630 1346 672 Menelaus
1368 645 1464 673 011111

131 702 163 728 10
183 687 427 741 Calchante,
459 687 612 741 quibus
642 686 685 727 id
714 686 934 741 negotium
966 686 1110 727 datum
1140 689 1252 741 erat,
1291 687 1465 729 remotis

180 744 329 798 procul
368 743 564 785 omnibus
600 742 805 784 sacrificio
844 741 1072 784 adornant:
1113 756 1207 784 011111
1245 756 1340 785 0000
1376 742 1463 784 dies

180 799 343 841 foedari
380 801 422 840 et
459 799 622 840 caelum
660 798 808 839 nubilo
845 798 933 853 tegi
963 798 1122 852 coepit:
1162 798 1260 840 dein
1290 801 1463 853 repente

180 856 383 908 tonitrua,
414 868 587 896 corusca
616 854 798 894 fulmina
834 856 876 895 et
906 856 1123 907 praeterea
1152 856 1289 895 terrae
1319 855 1464 896 maris·

182 925 262 964 que
300 911 453 965 ingens
492 912 634 951 motus
673 912 799 963 atque
841 909 893 950 ad
922 911 1183 963 postremum
1214 909 1464 952 confusione

131 980 163 1005 15
181 966 289 1007 aeris
328 968 520 1019 ereptum
559 965 715 1006 lumen.
781 979 920 1019 neque
959 965 1093 1006 multo
1133 968 1231 1019 post
1265 966 1465 1007 imbrium

181 1024 307 1076 atque
337 1020 556 1076 grandinis
586 1021 650 1062 vis
680 1034 837 1075 magna
862 1021 1156 1075 praecipitata.
1215 1021 1327 1063 inter
1356 1036 1464 1076 quae

180 1080 269 1118 tam
309 1079 445 1118 taetra
474 1076 593 1118 nulla
630 1077 775 1131 requie
811 1077 1074 1131 tempestatis
1111 1076 1330 1119 Menelaus
1369 1091 1464 1119 cum

181 1133 268 1186 his,
308 1133 381 1187 qui
421 1132 672 1174 sacrificium
710 1132 935 1186 curabant,
973 1135 1089 1174 metu
1127 1135 1253 1196 atque
1284 1133 1464 1175 haesita-

180 1189 298 1230 tione
320 1189 508 1229 diversus
538 1188 761 1244 agebatur:
792 1189 942 1230 teireri
969 1189 1126 1243 quippe
1156 1189 1293 1243 primo
1324 1189 1464 1231 subita

130 1257 165 1283 20
182 1244 287 1286 caeli
325 1245 638 1298 permutatione
679 1244 805 1298 idque
845 1245 1012 1299 signum
1053 1244 1245 1286 divinum
1284 1245 1464 1298 credere,

183 1300 303 1354 dein,
342 1315 396 1342 ne
440 1300 658 1354 inceptum
696 1301 938 1353 omitteret,
985 1300 1240 1341 detrimento
1279 1278 1464 1342 militum,

183 1370 454 1397 commoverl.
505 1357 638 1410 igitur
668 1355 780 1397 inter
809 1358 972 1398 tantam
1003 1356 1135 1397 animi
1157 1355 1466 1399 dubitationem

182 1426 265 1453 vox
295 1411 501 1466 quaedam
531 1412 625 1453 luco
648 1411 819 1453 emissa:
852 1412 1069 1466 aspernari
1089 1426 1248 1453 numen
1270 1412 1465 1454 sacrificii

182 1481 317 1522 genus
349 1470 391 1508 et
421 1468 475 1509 ob
496 1467 538 1508 id
560 1467 858 1509 abstinendum
880 1483 904 1509 a
924 1482 1100 1522 corpore
1121 1468 1313 1523 virginis,
1344 1468 1466 1510 mise-

132 1534 166 1560 25
184 1523 267 1564 reri
297 1537 482 1577 namque
514 1523 603 1564 eius
634 1523 776 1565 deam:
808 1526 996 1565 ceterum
1016 1538 1093 1578 pro
1123 1526 1245 1565 tanto
1276 1523 1465 1566 facinore

183 1580 285 1620 satis
323 1593 559 1632 poenarum
589 1580 905 1635 Agamemnoni
943 1580 995 1621 ab
1034 1580 1214 1635 coniuge
1250 1580 1339 1621 eius
1369 1583 1466 1634 post

183 1635 412 1676 Troianam
433 1635 655 1676 victoriam
677 1638 955 1688 conparatum
983 1637 1048 1677 iri.
1100 1636 1244 1690 itaque
1266 1639 1466 1677 curarent

183 1690 238 1744 id,
270 1690 383 1744 quod
413 1690 458 1731 in
489 1690 624 1731 vicem
646 1691 824 1745 virginis
854 1691 1044 1732 oblatum
1066 1690 1463 1743 animadverterent,

184 1746 416 1787 immolare.
476 1746 574 1787 dein
612 1760 787 1800 coepere
826 1747 943 1788 venti
981 1749 1107 1801 atque
1145 1746 1327 1788 fulmina
1367 1747 1465 1788 alia-

131 1812 165 1839 30
185 1817 286 1857 que,
325 1816 432 1856 quae
470 1802 513 1843 in
554 1815 709 1857 magno
749 1802 854 1844 caeli
891 1805 1009 1844 motu
1041 1802 1142 1844 oriri
1173 1802 1332 1856 solent,
1368 1817 1466 1845 con-

183 1871 413 1900 senescere.

296 1913 434 1955 XXII.
494 1913 576 1955 Sed
606 1928 701 1955 cum
731 1913 836 1955 haec
866 1914 911 1955 111
952 1913 1046 1955 11100
1078 1917 1285 1969 aguntur,
1317 1914 1463 1956 Achil-

183 1970 244 2011 les
275 1970 437 2011 litteras
475 1984 665 2011 seorsum
701 1970 848 2011 missas
887 1970 966 2011 sibi
1004 1985 1027 2010 a
1059 1970 1338 2024 Clytemestra
1368 1984 1464 2012 011111

184 2027 276 2067 auri
306 2040 462 2081 magno
494 2025 679 2079 pondere
710 2026 882 2080 accepit,
914 2026 959 2066 in
981 2026 1074 2079 quis
1105 2026 1142 2067 ei
1174 2026 1304 2067 filiam
1335 2029 1462 2080 atque

274 2164 294 2194 5
319 2171 469 2204 cumque
503 2162 564 2194 GB
613 2172 693 2194 eum
724 2163 776 2194 ed.
809 2162 918 2194 Mero.
950 2166 982 2194 et
1014 2161 1092 2194 Obr.
1126 2161 1335 2194 Dederichus
1368 2171 1463 2194 eum-

184 2217 253 2248 que
347 2208 365 2239 7
393 2210 642 2249 acceptusque
668 2206 700 2238 B
746 2211 922 2249 acceptus
950 2207 977 2239 G
1068 2207 1088 2239 8
1113 2205 1275 2239 cohibuit
1301 2206 1333 2238 P
1423 2208 1461 2238 11

185 2250 404 2284 sacrificium
431 2251 471 2285 G¹
566 2253 607 2285 13
634 2262 697 2294 per
723 2261 766 2284 ea
793 2251 820 2284 G
845 2261 936 2286 corr.
956 2251 993 2284 P.
1088 2251 1130 2284 27
1156 2251 1202 2283 iri
1227 2261 1244 2283 e
1269 2252 1463 2284 coniectura

184 2297 305 2329 addidi
379 2299 422 2330 34
448 2307 537 2329 aura
564 2296 603 2329 6¹
