1621 2550
434 84 584 118 BELLI
609 83 809 117 TROIANI
833 83 927 118 LIB.
953 84 979 116 1.
1296 85 1346 126 15

68 187 277 243 promisce
306 198 383 239 per
402 196 558 238 pecora
587 185 714 236 atque
737 182 967 223 exercitum
989 183 1183 236 grassari.
1234 197 1350 236 pror-

69 257 140 286 sus
167 241 312 284 nullus
341 239 482 281 funeri
512 238 662 280 modus
685 251 823 291 neque
853 237 1041 291 requies:
1072 237 1134 278 uti
1166 238 1349 292 quidque

69 298 182 341 malo
213 296 386 338 obvium
416 294 568 348 fuerat,
599 293 858 335 vastabatur.
919 293 1012 346 quis
1041 293 1166 334 rebus
1197 293 1351 335 sollici-

67 355 124 396 tis
154 352 330 395 ducibus
359 350 512 392 mulier
542 349 747 404 quaedam
779 348 856 390 deo
894 348 1021 402 plena
1051 348 1214 390 Dianae
1245 349 1351 391 iram

66 410 203 452 fatur:
235 421 328 450 eam
355 419 540 460 namque
573 406 627 447 ob
657 419 805 446 necem
835 417 1023 458 capreae,
1055 419 1138 457 qua
1168 405 1349 447 maxime
1369 417 1384 441 5

67 464 319 517 laetabatur,
341 461 551 516 sacrilegii
572 475 755 516 poenam
771 460 824 502 ab
841 460 1027 502 exercitu
1044 463 1252 514 expetere,
1273 475 1351 502 nec

67 520 206 574 leniri,
226 519 474 574 priusquam
494 520 642 559 auctor
661 516 770 558 tanti
792 516 960 557 sceleris
989 515 1120 557 filiam
1141 519 1244 557 natu
1266 531 1352 557 ma·

67 576 225 618 ximam
246 575 447 617 vicariam
468 573 685 614 victimam
706 571 1023 613 immolavisset.
1071 585 1179 625 quae
1201 585 1282 613 vox
1304 576 1352 613 ut

68 631 121 674 ad
166 631 397 673 exercitum
441 629 577 682 venit,
623 642 770 670 omnes
814 627 939 668 duces
983 628 1350 682 Agamemnonem

68 687 226 729 adeunt
255 699 434 738 eumque
471 684 609 738 primo
649 697 769 725 orare
808 686 1156 737 recusantemque
1195 682 1248 725 ad
1277 697 1350 737 po·
1371 695 1402 719 10

67 745 270 784 stremum
291 753 456 796 cogere,
478 739 540 781 uti
556 739 668 780 malo
697 739 867 781 obviam
891 742 1149 792 properaret.
1186 738 1258 780 sed
1279 739 1351 781 ubi

68 797 280 840 obstinate
310 810 487 838 renuere
508 794 669 848 vident,
699 809 777 836 nec
799 794 886 835 ulla
915 794 956 835 vi
988 797 1150 847 queunt
1171 794 1350 848 flectere,

66 853 262 908 plurimis
282 852 486 894 conviciis
506 851 687 893 insecuti
704 851 756 892 ad
771 853 1032 905 postremum
1054 850 1171 905 regio
1188 849 1351 892 honore

67 909 322 964 spoliavere:
369 921 419 949 ac
455 921 509 948 ne
549 909 669 948 tanta
707 907 770 947 vis
809 906 1015 948 exercitus
1062 906 1152 947 sine
1188 909 1350 947 rectore

67 965 239 1007 effusius
269 978 317 1006 ac
347 964 437 1005 sine
465 962 591 1004 modo
620 963 799 1004 militiae
829 964 1069 1017 vagaretur,
1099 962 1351 1015 praeficiunt
1370 973 1402 998 15

67 1023 165 1063 ante
201 1034 349 1062 omnes
387 1018 656 1060 Palamedem
695 1018 793 1059 dein
820 1017 1070 1059 Diomedem
1107 1020 1149 1058 et
1176 1017 1351 1059 Aiacem

67 1076 376 1129 Telamonium,
414 1077 612 1128 quartum
647 1074 888 1116 Idomenea.
942 1073 1002 1114 ita
1030 1086 1106 1126 per
1136 1073 1349 1126 aequatio-

0 1180 1 1183 *
66 1146 166 1174 nem
194 1131 361 1173 numeri
392 1133 519 1185 atque
549 1131 735 1184 partium
766 1128 1099 1183 quadripertitur
1129 1129 1350 1170 exercitus.

178 1187 273 1231 XX.
322 1186 473 1241 Neque
511 1186 683 1228 interim
722 1185 832 1227 ullus
862 1185 960 1226 finis
990 1184 1222 1226 vastitatis:
1255 1199 1350 1226 cum

68 1243 216 1286 Ulixes
246 1242 444 1285 simulata
474 1257 524 1284 ex
554 1242 790 1296 pertinacia
819 1240 1156 1296 Agamemnonis
1186 1241 1349 1282 iracun-
1367 1249 1402 1276 20

67 1299 137 1341 dia
172 1302 215 1341 et
252 1299 306 1341 ob
344 1298 388 1340 id
425 1298 730 1340 domuitionem
761 1297 1016 1338 confirmans
1053 1309 1259 1351 magnum
1291 1299 1350 1337 at—

69 1369 150 1410 que
180 1354 436 1409 insperabile
467 1354 630 1396 cunctis
660 1352 892 1394 remedium
923 1352 1194 1407 excogitavit.
1255 1366 1350 1406 pro-

67 1411 202 1453 fectus
232 1424 415 1464 namque
447 1409 648 1463 Mycenas
686 1408 804 1450 nullo
836 1407 1003 1449 consilii
1037 1407 1243 1461 participe
1274 1407 1349 1448 fal-

67 1481 133 1509 sas
162 1466 326 1508 litteras
355 1469 572 1520 tamquam
610 1465 662 1506 ab
693 1465 1016 1520 Agamemnone
1054 1462 1105 1503 ad
1143 1463 1350 1518 Clyteme-

68 1526 198 1565 stram
236 1521 417 1576 perfert,
455 1535 634 1575 quarum
665 1520 876 1561 sententia
907 1519 1011 1560 haec
1042 1522 1149 1560 erat:
1181 1518 1349 1573 Iphige-
1368 1528 1401 1554 25

68 1578 205 1631 niam,
236 1591 335 1619 nam
367 1591 416 1618 ea
446 1577 582 1618 maior
611 1579 715 1617 natu
747 1578 858 1629 erat,
890 1575 1141 1628 desponsam
1172 1574 1348 1616 Achilli:

68 1647 248 1687 eumque
269 1647 357 1674 non
378 1633 495 1686 prius
516 1632 569 1673 ad
589 1632 760 1673 Troiam
781 1630 1084 1685 profecturum,
1108 1644 1235 1684 quam
1256 1644 1351 1683 pro-

67 1689 184 1730 missi
214 1687 317 1730 fides
347 1688 614 1742 impleretur:
646 1688 700 1729 ob
722 1701 829 1741 quae
859 1686 1084 1727 festinaret
1104 1699 1280 1739 eamque
1310 1688 1351 1726 et

68 1758 175 1799 quae
205 1744 368 1799 nuptiis
399 1744 493 1785 usui
522 1745 684 1796 essent,
715 1745 879 1784 mature
901 1742 1081 1783 mittere.
1133 1744 1351 1795 praeterea

68 1800 204 1842 multa
222 1815 300 1854 pro
321 1800 496 1854 negotio
524 1799 691 1841 locutus
720 1799 923 1840 ementito
953 1800 1204 1852 argumento
1226 1796 1350 1838 fidem
1369 1806 1402 1831 30

68 1859 255 1898 fecerat..
298 1869 405 1910 quae
435 1855 508 1896 ubi
539 1855 703 1909 accepit
732 1854 1013 1908 Clytemestra
1052 1867 1146 1894 cum
1177 1856 1352 1907 propter

69 1912 251 1967 gratiam
280 1911 488 1964 Helenae,
525 1914 616 1952 tum
655 1910 855 1961 maxime,
896 1909 1009 1963 quod
1046 1911 1133 1950 tam
1173 1909 1351 1950 celeber-

70 1967 168 2008 rimi
197 1967 384 2009 nominis
414 1967 505 2008 viro
538 1966 626 2007 filia
654 1965 911 2019 traderetur,
942 1965 1053 2006 laeta
1082 1964 1350 2019 Iphigeniam

70 2021 189 2065 Ulixi
221 2023 460 2065 committit.
512 2023 630 2076 isque
661 2021 856 2063 confecto
887 2021 1061 2076 negotio
1093 2021 1237 2074 paucis
1268 2019 1351 2061 die-

152 2159 179 2198 ,7
204 2157 304 2190 liniri
330 2158 358 2190 G
440 2159 480 2189 12
505 2167 682 2190 rennuere
702 2157 730 2190 G
824 2157 864 2189 18
889 2157 1049 2189 muneris
1072 2158 1184 2188 maluit
1207 2155 1350 2187 Obrech-

71 2209 123 2235 tus
230 2204 274 2236 20
304 2203 506 2245 pertinatia
533 2202 594 2235 GB
704 2204 746 2234 21
780 2201 1096 2234 domimentionem
1131 2200 1192 2233 GB
1222 2201 1349 2232 emend.

70 2247 251 2281 Mer-cerus
365 2248 407 2280 22
431 2246 680 2289 inseparabile
708 2247 735 2279 G
781 2245 1026 2289 inseperabile
1053 2246 1084 2277 B
1108 2255 1198 2277 corr.
1226 2245 1266 2277 P.

70 2292 114 2325 26
139 2291 348 2334 disponsam
375 2292 403 2324 G
449 2291 664 2334 desponsam
690 2291 722 2323 B
815 2292 856 2324 32
882 2295 969 2323 tunc
996 2291 1022 2323 G
1070 2295 1145 2323 tum
1170 2290 1213 2322 B.
