1621 2550
241 93 294 135 56
655 95 827 128 DICTYS
852 95 1117 131 GRETENSIS

241 192 418 234 Melium
471 194 707 247 Astynoum
760 193 992 248 Doryclum
1045 194 1343 250 Hippothoum
1391 201 1516 252 atque

240 248 599 302 Hippodamanta.
660 253 704 289 at
740 249 786 289 in
823 250 906 291 alia
935 250 1035 291 belli
1072 255 1192 305 parte
1222 252 1444 295 Patroclus
1472 256 1516 294 et

241 305 395 358 Lycius
432 303 650 358 Sarpedon
686 304 815 346 locati
856 306 903 346 in
943 307 1141 348 cornibus
1180 308 1310 350 nullis
1346 309 1516 363 propin—

242 374 422 414 quorum
460 360 753 414 praesentibus
792 362 915 416 signo
962 361 1074 403 inter
1113 378 1157 404 se
1196 363 1293 406 dato
1339 364 1518 406 solitarii

207 430 223 453 5
242 415 484 457 certaminis
544 419 662 457 extra
715 416 847 457 aciem
891 431 1152 472 processere,
1197 434 1379 474 moxque
1420 419 1519 461 telis

241 472 467 513 advorsum
504 472 645 525 iactis,
692 472 764 512 ubi
810 475 988 525 uterque
1035 473 1220 515 intactus
1266 479 1347 529 est,
1392 489 1517 517 curru

241 527 444 568 desiliunt
465 530 592 581 atque
613 527 791 580 arreptis
813 527 966 582 gladiis
986 532 1173 583 pergunt
1193 529 1374 572 obviam.
1414 532 1517 572 iam-

242 597 323 637 que
362 583 519 624 crebris
557 583 783 624 advorsum
829 597 872 624 se
917 584 1070 625 ictibus
1108 587 1342 640 congressi,
1381 600 1520 640 neque

241 639 488 680 vulneratus
527 639 770 692 quisquam,
818 639 1000 680 multum
1038 640 1120 681 diei
1159 644 1521 696 consumpserant,

190 708 223 732 10
241 709 337 735 cum
357 694 578 736 Patroclus
609 695 789 748 amplius
821 695 1058 736 audendum
1089 699 1205 738 ratus
1236 697 1402 752 colligit
1430 711 1520 739 sese

241 751 286 791 in
323 765 440 791 arma
478 753 520 791 et
557 751 720 792 cautius
759 753 977 792 contectus
1014 751 1315 807 ingressusque
1353 754 1520 795 hostem

242 806 558 860 complectitur,
589 821 718 847 manu
750 806 896 848 dextra
925 807 1134 861 poplitem
1164 809 1402 862 succidens,
1435 823 1520 863 quo

241 862 417 903 vulnere
448 861 716 903 debilitatum
746 865 873 916 atque
905 863 1081 904 exsectis
1110 864 1253 905 nervis
1284 864 1520 906 invalidum

240 918 464 972 propulsat
493 932 668 971 corpore
698 923 976 972 ruentemque
1006 919 1219 961 interficit.

191 985 222 1010 15
354 973 473 1015 VIII.
536 973 659 1021 Quod
702 974 776 1015 ubi
824 974 1158 1016 animadvertere
1203 975 1398 1028 Troiani,
1448 975 1520 1029 qui

241 1029 360 1070 iuxta
396 1031 621 1083 steterant,
667 1030 829 1084 gemitu
875 1044 1032 1085 magno
1078 1031 1306 1072 clamorem
1348 1031 1521 1084 tollunt,

240 1085 482 1139 relictisque
513 1085 732 1127 ordinibus
762 1086 886 1140 signo
917 1087 1015 1127 dato
1046 1101 1163 1128 arma
1199 1087 1245 1127 in
1276 1086 1520 1129 Patroclum

241 1144 434 1194 vertunt,
474 1141 634 1183 scilicet
671 1140 926 1195 Sarpedonis
971 1143 1146 1183 interitu
1182 1143 1398 1196 publicam
1441 1143 1522 1183 cla-

242 1197 337 1238 dem
374 1197 468 1238 rati.
530 1200 574 1238 at
610 1197 831 1239 Patroclus
876 1199 1069 1252 praeviso
1116 1198 1305 1239 hostium
1350 1199 1522 1253 agmine

189 1265 222 1291 20
240 1253 374 1295 telum
403 1253 590 1307 positum
620 1253 740 1294 humi
760 1268 939 1308 propere
969 1255 1082 1308 rapit
1102 1254 1446 1308 compositusque
1476 1255 1522 1295 in

241 1309 368 1350 armis
399 1309 624 1350 audentius
661 1310 831 1350 resistit.
891 1312 993 1350 tunc
1030 1310 1301 1364 ingruentem
1331 1309 1521 1364 Deipho-

240 1365 343 1405 bum
370 1365 493 1406 hasta
512 1364 748 1406 comminus
777 1365 927 1406 tibiam
956 1365 1056 1406 ferit
1085 1368 1211 1419 atque
1242 1365 1440 1407 excedere
1472 1379 1522 1406 ex

241 1421 329 1461 acie
361 1421 501 1476 coegit
530 1420 755 1462 interfecto
784 1421 903 1475 prius
929 1421 1224 1476 Gorgythione
1255 1421 1387 1462 fratre
1419 1421 1521 1462 eius.

241 1490 379 1530 neque
408 1477 543 1517 multo
575 1479 673 1530 post
710 1476 895 1518 adventu
926 1477 1069 1518 Aiacis
1107 1476 1191 1518 fusi
1221 1477 1394 1531 reliqui,
1426 1491 1521 1518 cum

190 1544 223 1569 25
241 1533 414 1574 interim
443 1532 604 1574 Hector
642 1533 814 1574 edoctus
846 1547 953 1587 quae
985 1533 1246 1587 acciderant,
1277 1533 1524 1587 supervenit

241 1603 290 1630 ac
319 1603 418 1630 mox
449 1602 697 1630 conversam
718 1603 892 1630 suorum
922 1589 1054 1630 aciem
1074 1603 1152 1643 pro
1182 1591 1374 1643 tempore
1404 1589 1522 1630 resti·

240 1644 325 1685 tuit
361 1645 590 1697 increpatis
630 1645 805 1686 ducibus
845 1659 893 1686 ac
922 1645 1136 1698 plerisque
1176 1659 1225 1686 ex
1262 1646 1367 1699 fuga
1403 1644 1523 1686 redu-

243 1700 333 1741 ctis.
385 1700 444 1741 ita
473 1701 714 1754 praesentia
744 1701 832 1741 eius
854 1700 986 1741 animi
1009 1700 1221 1742 tolluntur
1251 1703 1293 1742 et
1312 1701 1522 1754 proelium

241 1755 493 1797 incenditur.
553 1758 645 1797 tum
675 1770 775 1797 vero
806 1756 964 1797 inclitis
1002 1771 1051 1798 ex
1084 1759 1261 1810 utraque
1299 1760 1419 1810 parte
1450 1756 1523 1797 du-

189 1824 224 1849 30
243 1812 361 1854 cibus
409 1812 657 1853 confirmato
713 1813 898 1853 exercitu
944 1812 1183 1867 confligunt
1228 1813 1359 1865 acies,
1409 1826 1524 1853 nunc

242 1868 342 1909 hinc
379 1868 477 1908 inde
517 1867 762 1909 cedentibus
799 1869 1007 1910 instantes
1042 1871 1102 1922 et,
1142 1868 1215 1909 ubi
1254 1869 1363 1909 acies
1400 1870 1523 1909 nuta—

242 1927 380 1977 verat,
429 1923 650 1978 praesidiis
689 1925 1020 1966 accurrentibus.
1096 1925 1258 1965 interea
1302 1924 1525 1978 utriusque

336 2129 350 2158 1
379 2127 509 2159 molius
537 2127 598 2159 GB
629 2128 827 2159 Mereerus:
859 2127 1007 2159 Melium
1035 2127 1279 2169 lastyochum
1308 2127 1369 2159 GB
1423 2131 1523 2167 asty-

242 2182 383 2204 menem
424 2173 472 2213 P,
518 2172 683 2204 Fuclzsius
724 2174 865 2205 coniecit
911 2172 1110 2213 Astynoum
1238 2174 1256 2204 7
1295 2172 1462 2204 obuicum
1496 2172 1525 2203 G

244 2219 285 2249 18
316 2217 506 2249 interitum
535 2218 630 2257 υιιῐῃο
662 2219 784 2259 legitur
814 2223 934 2249 contra
964 2217 1067 2250 libros
1180 2219 1221 2248 31
1255 2227 1351 2248 nunc
1382 2216 1466 2248 inde
1490 2215 1525 2247 B

243 2263 285 2294 32
311 2261 505 2303 praesidiis
534 2262 560 2293 G
593 2261 690 2302 (fore.
717 2273 737 2293 a
760 2273 815 2303 pr.
841 2273 880 2295 m.
913 2267 1015 2294 antea
1047 2260 1247 2304 praesidio)
1270 2260 1276 2303 Ι
1297 2261 1523 2294 accurrenti-

243 2307 311 2338 bus
345 2307 407 2338 GB
467 2307 648 2348 praesidio
675 2311 907 2339 accurrentes
931 2307 1142 2340 Dedericlzus
1167 2308 1319 2341 coniecit.
